3259 5225
497 609 572 658 nro.
595 607 725 659 xxvrr.
748 607 832 658 oar.
850 592 905 659 34.
1163 591 1252 660 aaut

149 755 248 828 rator,
264 756 403 818 stentem
420 749 533 836 coiigit
547 752 581 818 in
596 758 714 818 senatu
730 755 926 820 seutentiam
939 751 1064 819 dicere.
1098 751 1187 818 Tum
1202 772 1250 820 ex

149 859 240 920 tanto
254 855 427 922 interreiio
443 855 580 920 auditus
596 857 761 922 convertit
772 875 833 922 ora
841 856 1037 922 bominum²
1057 855 1154 935 inse,
1168 873 1250 922 can·

148 975 289 1042 samque
307 958 512 1024 sermonibus
531 958 702 1042 prebuit*
724 959 885 1042 ‘indigno
907 957 1064 1044 injuriam
1079 975 1102 1022 a
1115 958 1249 1042 populo

147 1059 286 1140 saetam,
301 1079 490 1144 magnoque
509 1059 544 1126 id
559 1061 681 1126 damno
703 1060 823 1141 fuisse,
845 1060 935 1146 quod
959 1067 1027 1126 tam
1046 1061 1140 1145 gravi
1155 1061 1247 1126 bello

147 1181 210 1227 uec
224 1181 396 1248 operanec
408 1163 548 1230 consilio
561 1165 640 1230 talis
649 1165 711 1230 viri
721 1184 846 1230 usarea
861 1164 1000 1250 publica
1014 1171 1111 1230 esset.
1126 1165 1166 1230 C.
1175 1163 1248 1230 Ne·

145 1265 219 1330 roni
242 1285 353 1350 neque
368 1264 413 1345 Q.
431 1265 586 1345 Fabium,
601 1285 707 1352 neque
726 1265 777 1332 M.
789 1265 963 1332 Valeriam
986 1267 1161 1332 Laevinum
1175 1268 1249 1332 dari

145 1365 295 1450 collegas
308 1368 511 1454 posse,quia
520 1368 607 1435 duos
616 1370 803 1454 patricios·
818 1372 925 1436 creari
937 1370 1136 1436 conticeret
1159 1369 1248 1434 Ean·

146 1468 223 1536 dem
235 1471 416 1536 causamin
425 1471 467 1537 T.
481 1470 610 1537 Manlio
620 1491 709 1550 esse,
722 1472 1048 1557 praeterquamquod
1059 1477 1249 1538 recusasset

144 1572 296 1639 delatum
318 1574 531 1639 consulatum
548 1581 829 1660 recusaturusque
846 1579 948 1640 esset.
991 1573 1168 1658 Egregium
1183 1593 1247 1659 par

144 1676 318 1740 consulum
334 1675 414 1755 iore,
430 1677 460 1740 ei
476 1675 526 1741 M.
548 1675 682 1742 livium
698 1677 739 1743 C.
755 1676 900 1743 Claudio
919 1677 1085 1760 collegam
1101 1677 1246 1760 adjunx-

143 1776 272 1842 issent?
317 1777 393 1846 Neo
406 1780 557 1864 populus
567 1781 772 1846 mentionem
783 1779 858 1866 ejus
870 1781 921 1846 rei
931 1788 1070 1846 orwma
1084 1779 1245 1846 Patribus

143 1888 197 1946 est
219 1889 433 1964 aspernatus.
479 1881 577 1948 Unus
592 1900 667 1948 eam
684 1903 753 1948 rem
769 1884 804 1949 in
827 1881 965 1950 civitate
981 1885 1024 1964 is,
1038 1885 1096 1949 cui
1114 1883 1246 1948 desere·

143 1983 247 2049 batur
260 1984 381 2064 bonos,
396 1986 580 2064 abnuebat,
591 1983 763 2052 levitatem
774 1986 926 2052 ciuitatis
937 2005 1114 2053 accusans.
1150 1983 1246 2052 ‘Sor-

142 2085 251 2152 didati
273 2088 322 2152 rei
347 2107 415 2154 non
437 2089 618 2167 miseritos,
640 2089 820 2155 candidam
844 2095 957 2174 togam
977 2088 1085 2154 invito
1107 2087 1244 2153 offerre:

141 2189 262 2255 eodem
276 2190 421 2256 bonores
436 2209 625 2276 poenasque
641 2191 787 2274 congeri.
831 2190 869 2257 Si
885 2192 1004 2257 bouum
1021 2192 1126 2257 airum
1141 2190 1244 2256 duce-

142 2299 228 2371 rent,
243 2291 324 2377 quid
340 2294 388 2358 ita
410 2311 471 2376 pro
490 2293 581 2359 malo
606 2313 647 2360 ae
665 2293 772 2358 noxio
795 2291 1037 2359 damnassent?
1059 2295 1089 2360 si
1103 2294 1244 2359 noxium

141 2397 397 2480 comperissent,
411 2395 494 2480 quid
511 2396 571 2476 ita,
586 2397 672 2462 mele
686 2396 818 2464 credito
831 2396 943 2480 priore
957 2397 1145 2474 consulatu,
1160 2397 1244 2462 aite-

142 2515 216 2562 rum
230 2497 397 2562 crederent
408 2494 451 2561 t'·'
467 2541 471 2554 ·
494 2497 584 2565 Haec
605 2499 754 2584 taliaque
780 2505 977 2581 arguentem
997 2503 1031 2564 et
1049 2503 1243 2584 querentem

140 2601 353 2683 castigabant
363 2599 495 2681 Patres,
511 2591 565 2667 ¹‘et
578 2599 629 2667 Μ.
645 2599 804 2681 Furium,'
826 2605 1058 2678 memorantes,
1080 2604 1242 2667 ‘revoca-

140 2711 213 2770 tum
229 2702 271 2769 de
292 2704 408 2781 exilio,
430 2705 572 2789 patriam
587 2705 740 2790 pulsam³
764 2703 845 2769 sede
863 2722 926 2769 soa
939 2703 1152 2769 restituisse·
1194 2702 1243 2768 Ut

138 2814 314 2891 pareutum
326 2805 504 2887 saevitiam,
520 2807 572 2873 sic
586 2808 720 2892 patriae,
736 2804 901 2891 patiendo
918 2824 958 2870 ac
973 2804 1105 2870 serendo
1120 2804 1243 2869 lenien-

141 2908 221 2974 dam
233 2907 332 2975 esse.'
375 2907 499 2975 Annisi
510 2930 628 2977 omnes
646 2930 723 2977 cum
732 2910 774 2977 G.
788 2908 934 2975 Claudio
949 2906 1001 2974 M.
1017 2906 1149 2974 livium
1160 2926 1241 2973 con·
1323 2927 1326 2934 ·

141 3012 249 3077 sulem
270 3010 447 3077 secernat*

174 3160 189 3196 ¹
206 3164 267 3213 Cura
282 3163 379 3227 egregie
394 3167 535 3227 puerum,
550 3162 654 3228 mactari
669 3162 748 3227 eupit,
763 3163 875 3228 deditque
889 3176 984 3213 cuam
993 3164 1023 3212 tte
1032 3174 1058 3212 ιι
1067 3161 1208 3227 mendi,
1217 3170 1242 3215 et

133 3226 233 3291 fatendi
244 3228 348 3279 inertum
357 3230 406 3293 ipat
415 3228 537 3289 infamiam
547 3242 601 3277 ιιιι
612 3243 664 3278 eum
673 3229 773 3278 meritae
782 3244 830 3279 ιιι
840 3233 909 3277 esset.

172 3290 1209 3358 ‘Postmteetttcmiaranprimncoaaatutmcsrucudmomtittemti

595 3421 625 3442 00
628 3420 780 3443 ‘Hom

139 3508 278 3569 antefacta
289 3505 315 3557 in
326 3504 401 3556 editt.
412 3504 565 3570 quibasdam
582 3500 777 3551 intruderetur?
789 3502 958 3566 Domine-2
975 3502 1051 3567 Conj.
1070 3502 1180 3565 Rupert.
1196 3518 1241 3552 m

138 3575 244 3625 anaim
254 3588 291 3625 sc.
302 3562 506 3622 senatorum-'t
517 3572 524 3599 ⁸
534 3570 607 3621 Male
622 3568 649 3619 iu
660 3566 782 3633 quibust.
797 3568 876 3618 editt·
889 3568 973 3633 patric
983 3567 1129 3633 min-vel
1136 3569 1243 3631 purim

135 3640 232 3705 pamm
242 3637 353 3705 legitur:
368 3637 487 3699 Domng.

277 3752 281 3763 ·
636 3730 743 3785 NO'i'AE

175 3836 268 3887 *Daca
280 3834 407 3901 patricios]
421 3834 505 3885 Notat
519 3832 609 3897 Sigen.
626 3830 666 3880 bia
705 3830 822 3881 Gronov.
841 3827 945 3895 probat.
972 3826 1239 3893 Patrioeqaippeno·

136 3914 298 3979 temporibus
326 3924 456 3975 nunquam
482 3908 508 3957 in
530 3907 666 3958 consulatu
706 3905 775 3955 miae
790 3905 942 3969 intelligitur
952 3918 1021 3966 resp.
1033 3904 1136 3966 ciritae,
1153 3918 1238 3967 peon·

135 3991 200 4041 tinos
212 3989 286 4040 sireni
299 3988 421 4053 patricios
435 3985 526 4049 fnisse,
536 3986 597 4035 iicet
612 3984 667 4049 pie·
705 3982 745 4031 ias
756 3981 901 4043 Romanum
913 3980 967 4045 qni,
976 3979 1041 4029 urbe
1053 3980 1140 4043 putam
1149 3994 1165 4029 ι
1175 3978 1239 4030 Gai·

131 4068 186 4119 bati
196 4066 248 4117 deo
256 4064 388 4130 conjuncti
398 4064 510 4123 interint,
528 4062 667 4111 reiotcuru
707 4059 748 4119 iis,
766 4058 904 4108 restitutus
918 4054 1005 4107 fuerat
1016 4056 1043 4105 iu
1058 4055 1182 4119 pristinus
1197 4070 1239 4105 ae·

133 4138 586 4195 creatiauutconsuterGraccbmet
595 4136 666 4187 Mar·
707 4134 753 4185 des
764 4149 779 4186 ι
790 4134 900 4186 Comitio
916 4132 964 4199 (tie
975 4146 1025 4199 quo
1039 4130 1085 4183 lib.
1094 4131 1137 4196 v.)
1154 4128 1242 4182 simiti-

134 4220 225 4271 cetlus.
705 4210 828 4279 loquendi
840 4209 924 4261 forma
939 4224 999 4259 naua
1016 4208 1150 4271 Augustos
1167 4209 1236 4273 apud

167 4288 669 4359 *Petrianpotearaaertcmreatttstud
707 4284 1086 4340 Suetoa.·1tamibissaatvam
1106 4297 1137 4333 ιο
1154 4282 1238 4347 sospi-

134 4374 231 4439 Vulgo,
240 4373 321 4437 patric
329 4372 432 4436 palm,
441 4370 497 4419 aete
512 4382 557 4421 ιιι
571 4368 668 4417 rectu*
709 4361 996 4428 {ceremonensem
1005 4359 1069 4413 sede
1078 4374 1124 4411 ιιι
1134 4360 1233 4412 tieest.'

133 4451 198 4501 ina:
215 4448 359 4513 elegantius
376 4455 464 4498 temen
485 4443 548 4494 Put.
564 4442 671 4507 panim
741 4441 756 4472 ¹
774 4440 809 4493 Α.
821 4440 855 4491 U.
866 4440 967 4491 Qut.

131 4528 352 4593 maedam,-
369 4523 438 4593 quod
449 4529 509 4589 post
517 4522 667 4573 Rhenanam
