3259 5225
393 528 482 619 m
881 554 916 606 ι.
939 557 1039 609 erun

392 704 446 775 Ea
461 726 524 773 arx
538 704 604 773 suit
620 702 832 771 Hasdrubali
846 702 891 769 ad
902 702 1141 769 excursiones¹
1164 702 1257 773 cirea
1278 704 1315 769 in
1338 700 1492 769 ruaditer·

391 829 516 878 raneos
529 804 691 895 populos¹
703 806 889 873 iaciendas.
911 806 1042 890 Scipio,
1052 806 1173 873 casbis
1181 824 1290 891 prope
1300 806 1491 891 urbempo

313 906 318 927 ¹
393 912 481 989 sitis,
504 912 598 996 prius
620 928 722 995 quam
744 908 1013 975 circumvallaret
1032 908 1161 987 urbem,
1182 909 1275 973 misit
1295 907 1341 974 ad
1363 916 1492 991 portas,

393 1014 452 1099 qui
467 1032 513 1079 ex
526 1012 718 1097 propinquo
733 1010 887 1093 alloquio
902 1011 1033 1075 animos
1045 1016 1221 1091 tentarent,
1231 1010 1493 1095 suaderentque,

392 1124 434 1193 ut
446 1116 630 1181 amicitiam
649 1114 777 1199 potius,
791 1132 893 1197 quam
908 1114 990 1192 vim,
1004 1112 1239 1197 experirentur
1253 1112 1492 1179 Romanorum.

393 1218 465 1285 Ubi
479 1217 561 1283 nihii
576 1214 690 1302 pucati
706 1214 987 1298 respondebatur,
1001 1215 1097 1281 fossa
1110 1213 1307 1300 duplicique
1321 1215 1415 1280 valio
1429 1214 1493 1279 cir·

393 1320 552 1387 cumdata
566 1320 658 1399 urbe,
672 1319 708 1383 in
719 1326 787 1383 tres
799 1324 915 1401 partes
925 1316 1111 1382 exercitum
1122 1316 1263 1400 diridit;
1279 1324 1319 1381 ut
1328 1335 1493 1383 unasem·

393 1442 455 1509 per
469 1440 561 1509 pars,
575 1422 698 1507 quietis
712 1421 841 1486 interim
856 1418 1001 1499 duabus,
1016 1427 1241 1505 oppugnaret.
1286 1420 1401 1485 Prima
1412 1437 1495 1503 pars

394 1548 473 1595 curu
496 1527 615 1595 adorta
636 1544 835 1611 oppugnare
854 1530 917 1599 est,
936 1533 1036 1591 atrox
1050 1543 1133 1591 eane
1147 1530 1185 1589 et
1202 1542 1327 1608 anceps
1341 1522 1495 1607 praeiiurn

394 1630 478 1696 iuit:
496 1648 564 1694 nou
579 1628 704 1707 subire,
720 1646 788 1692 non
803 1626 918 1691 scalas
940 1626 1028 1692 ferra
1046 1625 1091 1692 ad
1105 1646 1217 1692 muros
1231 1646 1304 1712 pra·
1319 1625 1496 1691 incidenti·

393 1732 459 1797 bus
481 1731 557 1797 ielis
571 1730 671 1797 facile
685 1736 774 1813 erat3
796 1736 832 1795 et
849 1728 934 1813 jain,
948 1728 1007 1814 qui
1021 1734 1196 1794 erexerant
1209 1728 1253 1793 ad
1269 1745 1401 1793 murum
1416 1746 1492 1793 sca·

393 1834 460 1912 las,
475 1833 532 1899 aiii
552 1832 655 1900 furcis
676 1834 720 1898 ad
743 1832 779 1898 id
798 1832 913 1916 ipsum
931 1831 1035 1899 factis
1051 1830 1328 1910 detrudebantur,
1347 1832 1387 1899 in
1407 1830 1497 1895 aiios

394 1934 467 2019 lupi
491 1954 634 2019 superne
655 1935 755 2001 ferrei
778 1930 924 2018 injecti}
946 1940 985 2001 ut
1006 1934 1041 2000 iu
1062 1934 1215 2020 pericuio
1228 1940 1496 2013 assentaneus

395 2036 492 2123 pensi
521 2038 558 2103 in
583 2056 712 2103 murum
740 2038 997 2105 extraherentur.
1041 2037 1146 2119 Quod
1174 2038 1234 2105 ubi
1262 2035 1499 2105 animadvertit

396 2138 525 2225 Scipio,
539 2140 643 2207 nimia
658 2139 834 2224 paucitate
844 2160 983 2206 suorum
994 2147 1211 2226 exaequatum
1224 2147 1392 2207 certunm
1405 2158 1497 2219 osse,

397 2249 433 2310 et
440 2242 538 2328 ιἰιιιι4
553 2262 595 2308 eo
614 2262 773 2327 superare
788 2242 929 2323 bostem,
943 2244 1033 2328 quod
1050 2262 1094 2309 ex
1110 2261 1206 2309 muro
1221 2250 1401 2329 pugnaret,
1416 2242 1500 2308 dua·

396 2346 463 2411 bus
478 2344 578 2411 simul
593 2342 770 2429 partibus,¹
795 2347 907 2433 prima
927 2354 1074 2431 recepta,
1093 2348 1211 2413 urbem
1232 2352 1286 2413 est
1306 2364 1498 2431 aggressus.

398 2448 488 2529 Qua
518 2468 571 2517 res
597 2452 726 2515 tanim
755 2450 893 2534 pavoris
918 2448 1034 2531 injecit
1054 2448 1156 2515 fessis
1177 2448 1252 2534 jam
1277 2469 1354 2515 oum
1378 2449 1500 2534 primis

396 2550 590 2634 pugnando,
605 2560 644 2618 ut
657 2559 692 2619 et
707 2551 872 2637 oppidani
886 2552 1013 2619 moenia
1022 2555 1197 2638 repentina
1206 2554 1287 2638 fuga
1295 2552 1498 2631 desererent,

397 2661 434 2719 et
444 2652 616 2722 Punicum
630 2657 826 2741 praesidium
840 2662 944 2736 metu,
957 2678 1000 2723 ne
1014 2657 1150 2742 prodita
1162 2658 1244 2723 urbs
1260 2665 1362 2736 esset,
1372 2656 1501 2722 relictis

397 2755 598 2826 stationibus
612 2759 647 2827 in
662 2777 763 2824 unum
779 2777 818 2823 se
832 2759 1026 2842 colligeret⁵
1079 2759 1198 2826 Timor
1210 2759 1290 2826 iude
1305 2759 1501 2845 oppidanos

398 2856 551 2943 incessit,
566 2881 621 2942 ne,
635 2861 666 2928 si
679 2861 787 2927 bostis
802 2862 918 2928 urbem
933 2864 1100 2942 intrasset,
1112 2863 1185 2928 aine
1200 2863 1405 2944 discrimino,
1416 2861 1501 2928 Poe·

857 3027 1040 3048 ΝΜΜΙΟ

397 3137 495 3204 κιαι,
515 3125 683 3204 Metaurum
698 3125 767 3204 unde
787 3125 890 3176 Rabeu.
906 3127 974 3204 conj.
998 3127 1185 3180 diudnrim’
1209 3127 1370 3193 Rapum-i
1389 3127 1431 3178 ΑΙ.
1454 3145 1503 3180 arx

393 3189 446 3250 fiai
455 3189 599 3244 banaa·
612 3193 643 3242 ud
658 3195 866 3242 manate-d
882 3192 966 3243 bne
976 3192 1103 3246 Crem-t
1120 3195 1193 3246 Ante
1203 3194 1287 3246 Grou.
1302 3195 1329 3245 r'rr
1338 3208 1411 3244 m
1424 3194 1502 3245 Ιοιιιιι

899 3338 1006 3391 NOTAE

399 3451 473 3514 dare,
490 3453 584 3506 Strabo
602 3453 648 3504 iib.
666 3466 708 3504 ιιι.
720 3459 813 3510 notat:
831 3453 930 3504 Turde·
970 3453 1009 3504 rit
1029 3452 1172 3508 Adrarenr.
1189 3454 1236 3507 iib.
1256 3467 1297 3506 rr.
1313 3455 1433 3520 capuit.
1464 3454 1504 3508 At

398 3536 519 3582 tuncrum
533 3543 611 3594 porro
623 3530 930 3595 terrain,utrirqnediri·
971 3532 1036 3582 Cui.
1054 3532 1217 3598 Rbediginnr
1229 3532 1275 3584 iib.
1294 3546 1358 3584 nr.
1377 3547 1440 3597 esp.
1460 3537 1504 3586 at.

399 3613 465 3672 tem,
482 3621 531 3671 pro
549 3606 675 3658 mirrcnio
694 3604 786 3656 refert.
820 3606 931 3670 Argenti
970 3607 1051 3675 inpos
1069 3609 1261 3674 interpretatur
1277 3607 1393 3659 terrain
1413 3623 1505 3660 nua-

400 3697 463 3734 rero
474 3682 587 3734 feracem
600 3683 676 3741 adeo,
689 3690 717 3733 ut
730 3683 826 3748 privati
838 3699 931 3748 argen-
971 3683 1080 3749 brieter,
1091 3685 1163 3738 Gaii.
1179 3685 1219 3736 Da
1229 3684 1317 3750 petita
1325 3684 1386 3736 reia
1399 3697 1507 3736 m·

401 3767 456 3812 tum
468 3758 631 3823 effodientes,
643 3759 730 3810 triduo
742 3761 867 3811 talentum
879 3761 933 3812 En·
971 3760 1047 3826 citu,
1073 3761 1215 3828 agrestiun
1242 3761 1332 3814 atibus
1359 3773 1505 3814 eusenius·

400 3835 503 3888 boicurn
521 3837 700 3888 extraherent.
739 3837 815 3888 Unde
838 3837 933 3889 contir-
972 3838 1027 3890 des.

400 3917 463 3966 ιιιιιΙ
477 3923 565 3980 potent
583 3916 651 3982 qrrod
667 3915 702 3966 de
718 3915 770 3968 rita
782 3915 890 3981 Oringir
903 3923 933 3970 et
1004 3913 1129 3968 ιΒιιιόιιι
1144 3913 1218 3966 rinei
1231 3911 1355 3980 pudice]
1375 3914 1506 3967 Exercitu

400 3991 506 4042 Mania
517 3991 640 4050 dixinrur.
970 3990 1000 4042 iu
1015 3992 1068 4044 tria
1087 3996 1159 4044 reiut
1176 4005 1288 4058 corpora
1301 3991 1396 4054 divin,
1412 3992 1506 4046 urben

432 4067 487 4119 ¹12
514 4069 697 4121 mediamna
722 4068 834 4134 popnim]
861 4069 933 4122 Hinc
971 4068 1075 4119 nonnisi
1091 4083 1142 4120 unu
1163 4083 1197 4120 cx
1217 4069 1300 4120 tribur
1317 4069 1438 4133 partibus
1456 4085 1505 4134 op·

400 4144 488 4210 colligi
500 4159 576 4209 porra
588 4145 691 4196 ridetur
701 4145 779 4209 ionga
790 4161 805 4196 n
816 4145 881 4196 artri
891 4144 933 4196 fu·
974 4143 1107 4208 pugnabat
1126 4145 1158 4196 Ι..
1176 4144 1282 4209 sciptor
1305 4157 1384 4208 qnam
1402 4143 1507 4205 susan,

399 4213 453 4273 irre'
464 4221 587 4288 Oringin,
599 4228 627 4272 nt
638 4235 706 4272 nune
717 4223 814 4272 Moron.
973 4233 1043 4270 nunc
1055 4221 1218 4277 repositae
1233 4218 1298 4270 duur
1309 4219 1433 4283 reiiquna,
1445 4235 1505 4285 qun

432 4296 445 4332 ¹¹
462 4297 526 4362 Lupi
543 4313 642 4362 ramae
655 4297 732 4358 ferrei
752 4297 848 4362 injecti]
864 4299 933 4362 Lupi
973 4296 1077 4348 interint
1095 4297 1191 4362 quieto
1206 4303 1365 4352 manserant,
1384 4297 1506 4360 conjunc·

400 4373 450 4426 boe
470 4375 528 4426 ioco
546 4386 608 4425 rrrnt
625 4377 796 4426 iustrumenta
820 4389 887 4428 unca
905 4383 934 4425 et
974 4372 1022 4422 tim
1034 4370 1067 4422 td
1078 4371 1301 4438 oppugnationem
1309 4371 1459 4422 avocarit.

403 4453 498 4518 lupinis
512 4452 633 4504 dentibus
643 4452 745 4519 cimilia,
755 4462 784 4502 ut
795 4451 934 4504 Turnebus
