<?xml version="1.0" encoding="UTF-8"?>
<!DOCTYPE html PUBLIC "-//W3C//DTD XHTML 1.0 Transitional//EN"
    "http://www.w3.org/TR/xhtml1/DTD/xhtml1-transitional.dtd">
<html xmlns="http://www.w3.org/1999/xhtml" xml:lang="en" lang="en">
 <head>
  <title>
</title>
<meta http-equiv="Content-Type" content="text/html;charset=utf-8" />
  <meta name='ocr-system' content='tesseract 3.04.00' />
  <meta name='ocr-capabilities' content='ocr_page ocr_carea ocr_par ocr_line ocrx_word'/>
</head>
<body>
  <div class='ocr_page' id='page_1' title='image "./tliviipatavinih04rupegoog_0313.png"; bbox 0 0 3259 5225; ppageno 0'>
   <div class='ocr_carea' id='block_1_1' title="bbox 471 442 1256 510">
    <p class='ocr_par' dir='ltr' id='par_1_1' title="bbox 471 442 1256 510">
     <span class='ocr_line' id='line_1_1' title="bbox 471 442 1256 510; baseline -0.001 0"><span class='ocrx_word' id='word_1_1' title='bbox 471 463 542 510; x_wconf 81' lang='lat' dir='ltr'><strong>nrn.</strong></span> <span class='ocrx_word' id='word_1_2' title='bbox 568 461 700 510; x_wconf 83' lang='lat' dir='ltr'><strong>xxvii.</strong></span> <span class='ocrx_word' id='word_1_3' title='bbox 723 461 805 510; x_wconf 75' lang='lat' dir='ltr'><strong>nor.</strong></span> <span class='ocrx_word' id='word_1_4' title='bbox 826 445 881 510; x_wconf 80' lang='grc'><strong>45.</strong></span> <span class='ocrx_word' id='word_1_5' title='bbox 998 484 1004 492; x_wconf 91' lang='lat'><strong>·</strong></span> <span class='ocrx_word' id='word_1_6' title='bbox 1134 442 1223 510; x_wconf 71' lang='lat'><strong>2373</strong></span> <span class='ocrx_word' id='word_1_7' title='bbox 1248 468 1256 490; x_wconf 93' lang='lat'><strong>·</strong></span> 
     </span>
    </p>
   </div>
   <div class='ocr_carea' id='block_1_2' title="bbox 112 603 1308 988">
    <p class='ocr_par' dir='ltr' id='par_1_2' title="bbox 112 603 1308 988">
     <span class='ocr_line' id='line_1_2' title="bbox 112 603 1220 692; baseline -0.003 -19"><span class='ocrx_word' id='word_1_8' title='bbox 112 607 294 692; x_wconf 78' lang='lat' dir='ltr'><strong>proiectus</strong></span> <span class='ocrx_word' id='word_1_9' title='bbox 309 607 364 686; x_wconf 87' lang='lat' dir='ltr'><strong>sit,</strong></span> <span class='ocrx_word' id='word_1_10' title='bbox 379 626 422 671; x_wconf 91' lang='lat' dir='ltr'><strong>eo</strong></span> <span class='ocrx_word' id='word_1_11' title='bbox 438 607 544 691; x_wconf 89' lang='lat' dir='ltr'><strong>ipsos,</strong></span> <span class='ocrx_word' id='word_1_12' title='bbox 558 613 868 688; x_wconf 80' lang='lat' dir='ltr'><strong>quantumcumque</strong></span> <span class='ocrx_word' id='word_1_13' title='bbox 885 603 1002 668; x_wconf 86' lang='lat' dir='ltr'><strong>virium</strong></span> <span class='ocrx_word' id='word_1_14' title='bbox 1019 612 1220 670; x_wconf 82' lang='lat' dir='ltr'><strong>momentum</strong></span> 
     </span>
     <span class='ocr_line' id='line_1_3' title="bbox 114 707 1222 788; baseline -0.005 -11"><span class='ocrx_word' id='word_1_15' title='bbox 114 713 320 788; x_wconf 75' lang='lat' dir='ltr'>addiderint,</span> <span class='ocrx_word' id='word_1_16' title='bbox 341 731 410 776; x_wconf 89' lang='lat' dir='ltr'><strong>rem</strong></span> <span class='ocrx_word' id='word_1_17' title='bbox 434 729 566 774; x_wconf 89' lang='lat' dir='ltr'><strong>omnem</strong></span> <span class='ocrx_word' id='word_1_18' title='bbox 590 708 836 774; x_wconf 62' lang='lat' dir='ltr'><strong>inclinaturus!</strong></span> <span class='ocrx_word' id='word_1_19' title='bbox 879 707 1043 772; x_wconf 78' lang='lat' dir='ltr'><strong>Auditum</strong></span> <span class='ocrx_word' id='word_1_20' title='bbox 1067 709 1166 773; x_wconf 91' lang='lat' dir='ltr'><strong>modo</strong></span> <span class='ocrx_word' id='word_1_21' title='bbox 1188 710 1222 772; x_wconf 94' lang='lat' dir='ltr'><strong>in</strong></span> 
     </span>
     <span class='ocr_line' id='line_1_4' title="bbox 114 808 1222 900; baseline -0.003 -21"><span class='ocrx_word' id='word_1_22' title='bbox 114 814 208 892; x_wconf 84' lang='lat' dir='ltr'><strong>acie,</strong></span> <span class='ocrx_word' id='word_1_23' title='bbox 228 811 337 900; x_wconf 85' lang='lat' dir='ltr'><strong>(nam,</strong></span> <span class='ocrx_word' id='word_1_24' title='bbox 356 831 399 877; x_wconf 94' lang='lat' dir='ltr'><strong>ne</strong></span> <span class='ocrx_word' id='word_1_25' title='bbox 419 817 496 879; x_wconf 85' lang='lat' dir='ltr'><strong>unte</strong></span> <span class='ocrx_word' id='word_1_26' title='bbox 517 811 710 888; x_wconf 87' lang='lat' dir='ltr'><strong>audiretur,¹</strong></span> <span class='ocrx_word' id='word_1_27' title='bbox 735 809 889 876; x_wconf 88' lang='lat' dir='ltr'><strong>daturum</strong></span> <span class='ocrx_word' id='word_1_28' title='bbox 909 808 1065 895; x_wconf 86' lang='lat' dir='ltr'><strong>operam)</strong></span> <span class='ocrx_word' id='word_1_29' title='bbox 1082 811 1222 876; x_wconf 88' lang='lat' dir='ltr'><strong>alterum</strong></span> 
     </span>
     <span class='ocr_line' id='line_1_5' title="bbox 116 901 1308 988; baseline -0.003 -6"><span class='ocrx_word' id='word_1_30' title='bbox 116 917 302 982; x_wconf 89' lang='lat' dir='ltr'><strong>consulem</strong></span> <span class='ocrx_word' id='word_1_31' title='bbox 321 922 356 980; x_wconf 91' lang='lat' dir='ltr'><strong>et</strong></span> <span class='ocrx_word' id='word_1_32' title='bbox 382 915 522 980; x_wconf 86' lang='lat' dir='ltr'><strong>alterum</strong></span> <span class='ocrx_word' id='word_1_33' title='bbox 547 913 732 980; x_wconf 85' lang='lat' dir='ltr'><strong>exercitum</strong></span> <span class='ocrx_word' id='word_1_34' title='bbox 755 911 946 988; x_wconf 87' lang='lat' dir='ltr'><strong>advenisse,</strong></span> <span class='ocrx_word' id='word_1_35' title='bbox 970 913 1059 978; x_wconf 86' lang='lat' dir='ltr'><strong>hond</strong></span> <span class='ocrx_word' id='word_1_36' title='bbox 1084 913 1222 979; x_wconf 88' lang='lat' dir='ltr'><strong>dubiam</strong></span> <span class='ocrx_word' id='word_1_37' title='bbox 1294 901 1308 928; x_wconf 73' lang='grc'>’</span> 
     </span>
    </p>
   </div>
   <div class='ocr_carea' id='block_1_3' title="bbox 115 1015 1338 1101">
    <p class='ocr_par' dir='ltr' id='par_1_3' title="bbox 115 1015 1338 1101">
     <span class='ocr_line' id='line_1_6' title="bbox 115 1015 1338 1101; baseline 0 -19"><span class='ocrx_word' id='word_1_38' title='bbox 115 1019 298 1084; x_wconf 87' lang='lat' dir='ltr'><strong>victoriam</strong></span> <span class='ocrx_word' id='word_1_39' title='bbox 323 1017 500 1083; x_wconf 86' lang='lat' dir='ltr'><strong>facturum.</strong></span> <span class='ocrx_word' id='word_1_40' title='bbox 545 1016 687 1083; x_wconf 90' lang='lat' dir='ltr'><strong>Famam</strong></span> <span class='ocrx_word' id='word_1_41' title='bbox 711 1015 836 1081; x_wconf 90' lang='lat' dir='ltr'><strong>bellum</strong></span> <span class='ocrx_word' id='word_1_42' title='bbox 861 1015 1040 1095; x_wconf 83' lang='lat' dir='ltr'><strong>conficere,</strong></span> <span class='ocrx_word' id='word_1_43' title='bbox 1064 1025 1099 1082; x_wconf 87' lang='lat' dir='ltr'><strong>et</strong></span> <span class='ocrx_word' id='word_1_44' title='bbox 1119 1037 1225 1101; x_wconf 86' lang='lat' dir='ltr'><strong>parva</strong></span> <span class='ocrx_word' id='word_1_45' title='bbox 1335 1051 1338 1056; x_wconf 93' lang='lat'>·</span> 
     </span>
    </p>
   </div>
   <div class='ocr_carea' id='block_1_4' title="bbox 80 1117 1236 3055">
    <p class='ocr_par' dir='ltr' id='par_1_4' title="bbox 80 1117 1236 3055">
     <span class='ocr_line' id='line_1_7' title="bbox 115 1117 1223 1204; baseline 0.001 -19"><span class='ocrx_word' id='word_1_46' title='bbox 115 1127 290 1186; x_wconf 88' lang='lat' dir='ltr'><strong>momenta</strong></span> <span class='ocrx_word' id='word_1_47' title='bbox 314 1121 350 1184; x_wconf 94' lang='lat' dir='ltr'><strong>in</strong></span> <span class='ocrx_word' id='word_1_48' title='bbox 376 1139 470 1204; x_wconf 91' lang='lat' dir='ltr'><strong>spem</strong></span> <span class='ocrx_word' id='word_1_49' title='bbox 494 1125 687 1204; x_wconf 87' lang='lat' dir='ltr'><strong>metumque</strong></span> <span class='ocrx_word' id='word_1_50' title='bbox 711 1118 884 1204; x_wconf 77' lang='lat' dir='ltr'><strong>impellere</strong></span> <span class='ocrx_word' id='word_1_51' title='bbox 909 1119 1051 1185; x_wconf 90' lang='lat' dir='ltr'><strong>animos.</strong></span> <span class='ocrx_word' id='word_1_52' title='bbox 1093 1117 1223 1186; x_wconf 70' lang='lat' dir='ltr'><strong>Gloria)</strong></span> 
     </span>
     <span class='ocr_line' id='line_1_8' title="bbox 115 1219 1224 1306; baseline 0 -20"><span class='ocrx_word' id='word_1_53' title='bbox 115 1222 258 1306; x_wconf 88' lang='lat' dir='ltr'><strong>quidem</strong></span> <span class='ocrx_word' id='word_1_54' title='bbox 284 1241 331 1286; x_wconf 85' lang='lat' dir='ltr'><strong>ex</strong></span> <span class='ocrx_word' id='word_1_55' title='bbox 352 1241 387 1286; x_wconf 91' lang='lat' dir='ltr'><strong>re</strong></span> <span class='ocrx_word' id='word_1_56' title='bbox 414 1221 500 1284; x_wconf 91' lang='lat' dir='ltr'><strong>bene</strong></span> <span class='ocrx_word' id='word_1_57' title='bbox 527 1228 624 1302; x_wconf 84' lang='lat' dir='ltr'><strong>gesta</strong></span> <span class='ocrx_word' id='word_1_58' title='bbox 646 1224 774 1304; x_wconf 71' lang='lat' dir='ltr'><strong>partae¹</strong></span> <span class='ocrx_word' id='word_1_59' title='bbox 797 1219 941 1285; x_wconf 81' lang='lat' dir='ltr'><strong>fructum</strong></span> <span class='ocrx_word' id='word_1_60' title='bbox 963 1240 1070 1304; x_wconf 82' lang='lat' dir='ltr'><strong>prope</strong></span> <span class='ocrx_word' id='word_1_61' title='bbox 1093 1241 1224 1288; x_wconf 85' lang='lat' dir='ltr'><strong>ornnem</strong></span> 
     </span>
     <span class='ocr_line' id='line_1_9' title="bbox 115 1323 1225 1410; baseline -0.001 -21"><span class='ocrx_word' id='word_1_62' title='bbox 115 1325 218 1410; x_wconf 87' lang='lat' dir='ltr'><strong>ipsos</strong></span> <span class='ocrx_word' id='word_1_63' title='bbox 238 1324 378 1390; x_wconf 85' lang='lat' dir='ltr'><strong>laturos.</strong></span> <span class='ocrx_word' id='word_1_64' title='bbox 422 1323 574 1407; x_wconf 83' lang='lat' dir='ltr'><strong>Semper,</strong></span> <span class='ocrx_word' id='word_1_65' title='bbox 591 1324 680 1409; x_wconf 92' lang='lat' dir='ltr'><strong>quod</strong></span> <span class='ocrx_word' id='word_1_66' title='bbox 703 1331 910 1406; x_wconf 89' lang='lat' dir='ltr'><strong>postremum</strong></span> <span class='ocrx_word' id='word_1_67' title='bbox 929 1323 1099 1408; x_wconf 80' lang='lat' dir='ltr'><strong>adjectum</strong></span> <span class='ocrx_word' id='word_1_68' title='bbox 1117 1324 1174 1402; x_wconf 90' lang='lat' dir='ltr'><strong>sit,</strong></span> <span class='ocrx_word' id='word_1_69' title='bbox 1189 1325 1225 1389; x_wconf 94' lang='lat' dir='ltr'><strong>id</strong></span> 
     </span>
     <span class='ocr_line' id='line_1_10' title="bbox 116 1425 1224 1510; baseline 0 -18"><span class='ocrx_word' id='word_1_70' title='bbox 116 1447 193 1492; x_wconf 89' lang='lat' dir='ltr'><strong>rem</strong></span> <span class='ocrx_word' id='word_1_71' title='bbox 216 1433 323 1493; x_wconf 85' lang='lat' dir='ltr'><strong>totam</strong></span> <span class='ocrx_word' id='word_1_72' title='bbox 344 1426 447 1493; x_wconf 88' lang='lat' dir='ltr'><strong>videri</strong></span> <span class='ocrx_word' id='word_1_73' title='bbox 467 1427 623 1491; x_wconf 79' lang='lat' dir='ltr'><strong>traxisse.</strong></span> <span class='ocrx_word' id='word_1_74' title='bbox 667 1425 811 1490; x_wconf 85' lang='lat' dir='ltr'><strong>Cernere</strong></span> <span class='ocrx_word' id='word_1_75' title='bbox 832 1425 943 1509; x_wconf 88' lang='lat' dir='ltr'><strong>ipsos,</strong></span> <span class='ocrx_word' id='word_1_76' title='bbox 959 1447 1027 1510; x_wconf 91' lang='lat' dir='ltr'><strong>qno</strong></span> <span class='ocrx_word' id='word_1_77' title='bbox 1049 1447 1224 1504; x_wconf 86' lang='lat' dir='ltr'><strong>concursu,</strong></span> 
     </span>
     <span class='ocr_line' id='line_1_11' title="bbox 117 1527 1226 1615; baseline 0 -20"><span class='ocrx_word' id='word_1_78' title='bbox 117 1549 192 1615; x_wconf 89' lang='lat' dir='ltr'><strong>qua</strong></span> <span class='ocrx_word' id='word_1_79' title='bbox 216 1529 449 1606; x_wconf 78' lang='lat' dir='ltr'><strong>admiratione,</strong></span> <span class='ocrx_word' id='word_1_80' title='bbox 465 1549 535 1614; x_wconf 93' lang='lat' dir='ltr'><strong>qno</strong></span> <span class='ocrx_word' id='word_1_81' title='bbox 557 1528 671 1593; x_wconf 81' lang='lat' dir='ltr'><strong>sarone</strong></span> <span class='ocrx_word' id='word_1_82' title='bbox 691 1527 864 1592; x_wconf 90' lang='lat' dir='ltr'><strong>hominnm</strong></span> <span class='ocrx_word' id='word_1_83' title='bbox 882 1529 947 1593; x_wconf 91' lang='lat' dir='ltr'><strong>iter</strong></span> <span class='ocrx_word' id='word_1_84' title='bbox 965 1547 1062 1594; x_wconf 87' lang='lat' dir='ltr'><strong>suum</strong></span> <span class='ocrx_word' id='word_1_85' title='bbox 1078 1530 1226 1595; x_wconf 87' lang='lat' dir='ltr'><strong>celebre·</strong></span> 
     </span>
     <span class='ocr_line' id='line_1_12' title="bbox 118 1629 1226 1716; baseline -0.001 -18"><span class='ocrx_word' id='word_1_86' title='bbox 118 1633 200 1698; x_wconf 68' lang='lat' dir='ltr'><strong>tur!</strong></span> <span class='ocrx_word' id='word_1_87' title='bbox 239 1633 296 1711; x_wconf 92' lang='lat' dir='ltr'><strong>Et,</strong></span> <span class='ocrx_word' id='word_1_88' title='bbox 312 1632 473 1710; x_wconf 87' lang='lat' dir='ltr'><strong>Hercule,</strong></span> <span class='ocrx_word' id='word_1_89' title='bbox 489 1651 549 1716; x_wconf 88' lang='lat' dir='ltr'><strong>per</strong></span> <span class='ocrx_word' id='word_1_90' title='bbox 563 1631 725 1695; x_wconf 89' lang='lat' dir='ltr'><strong>instructa</strong></span> <span class='ocrx_word' id='word_1_91' title='bbox 738 1631 874 1695; x_wconf 83' lang='lat' dir='ltr'><strong>omnia⁸</strong></span> <span class='ocrx_word' id='word_1_92' title='bbox 889 1629 1064 1696; x_wconf 84' lang='lat' dir='ltr'><strong>ordinibus</strong></span> <span class='ocrx_word' id='word_1_93' title='bbox 1079 1632 1226 1698; x_wconf 83' lang='lat' dir='ltr'><strong>virorum</strong></span> 
     </span>
     <span class='ocr_line' id='line_1_13' title="bbox 119 1731 1225 1819; baseline -0.002 -19"><span class='ocrx_word' id='word_1_94' title='bbox 119 1735 379 1819; x_wconf 87' lang='lat' dir='ltr'><strong>mulierumque,</strong></span> <span class='ocrx_word' id='word_1_95' title='bbox 404 1733 550 1818; x_wconf 90' lang='lat' dir='ltr'><strong>undique</strong></span> <span class='ocrx_word' id='word_1_96' title='bbox 572 1753 616 1796; x_wconf 85' lang='lat' dir='ltr'><strong>ex</strong></span> <span class='ocrx_word' id='word_1_97' title='bbox 639 1732 727 1814; x_wconf 84' lang='lat' dir='ltr'><strong>agris</strong></span> <span class='ocrx_word' id='word_1_98' title='bbox 750 1731 945 1810; x_wconf 82' lang='lat' dir='ltr'><strong>effusorum,</strong></span> <span class='ocrx_word' id='word_1_99' title='bbox 967 1733 1051 1798; x_wconf 84' lang='lat' dir='ltr'><strong>inter</strong></span> <span class='ocrx_word' id='word_1_100' title='bbox 1072 1741 1150 1798; x_wconf 86' lang='lat' dir='ltr'><strong>vota</strong></span> <span class='ocrx_word' id='word_1_101' title='bbox 1171 1742 1225 1799; x_wconf 79' lang='lat' dir='ltr'><strong>et³</strong></span> 
     </span>
     <span class='ocr_line' id='line_1_14' title="bbox 119 1835 1226 1922; baseline -0.001 -20"><span class='ocrx_word' id='word_1_102' title='bbox 119 1857 247 1922; x_wconf 78' lang='lat' dir='ltr'><strong>preces</strong></span> <span class='ocrx_word' id='word_1_103' title='bbox 270 1846 303 1904; x_wconf 91' lang='lat' dir='ltr'><strong>et</strong></span> <span class='ocrx_word' id='word_1_104' title='bbox 324 1837 444 1903; x_wconf 87' lang='lat' dir='ltr'><strong>landes</strong></span> <span class='ocrx_word' id='word_1_105' title='bbox 468 1837 583 1902; x_wconf 87' lang='lat' dir='ltr'><strong>ibant:</strong></span> <span class='ocrx_word' id='word_1_106' title='bbox 605 1836 683 1900; x_wconf 89' lang='lat' dir='ltr'><strong>illos</strong></span> <span class='ocrx_word' id='word_1_107' title='bbox 703 1835 862 1919; x_wconf 73' lang='lat' dir='ltr'><strong>presidia</strong></span> <span class='ocrx_word' id='word_1_108' title='bbox 883 1836 930 1900; x_wconf 88' lang='lat' dir='ltr'><strong>rei</strong></span> <span class='ocrx_word' id='word_1_109' title='bbox 946 1836 1105 1919; x_wconf 81' lang='lat' dir='ltr'><strong>publicae,</strong></span> <span class='ocrx_word' id='word_1_110' title='bbox 1120 1836 1226 1901; x_wconf 83' lang='lat' dir='ltr'><strong>vindi·</strong></span> 
     </span>
     <span class='ocr_line' id='line_1_15' title="bbox 120 1936 1228 2023; baseline 0 -18"><span class='ocrx_word' id='word_1_111' title='bbox 120 1961 184 2005; x_wconf 90' lang='lat' dir='ltr'><strong>oes</strong></span> <span class='ocrx_word' id='word_1_112' title='bbox 206 1941 297 2007; x_wconf 91' lang='lat' dir='ltr'><strong>urbis</strong></span> <span class='ocrx_word' id='word_1_113' title='bbox 316 1938 439 2006; x_wconf 81' lang='lat' dir='ltr'><strong>Romae</strong></span> <span class='ocrx_word' id='word_1_114' title='bbox 455 1939 656 2023; x_wconf 88' lang='lat' dir='ltr'><strong>imperiique</strong></span> <span class='ocrx_word' id='word_1_115' title='bbox 673 1936 910 2021; x_wconf 87' lang='lat' dir='ltr'><strong>appellabant:</strong></span> <span class='ocrx_word' id='word_1_116' title='bbox 932 1939 967 2003; x_wconf 92' lang='lat' dir='ltr'><strong>in</strong></span> <span class='ocrx_word' id='word_1_117' title='bbox 980 1938 1113 2004; x_wconf 87' lang='lat' dir='ltr'><strong>illorum</strong></span> <span class='ocrx_word' id='word_1_118' title='bbox 1128 1943 1228 2006; x_wconf 86' lang='lat' dir='ltr'><strong>armis</strong></span> 
     </span>
     <span class='ocr_line' id='line_1_16' title="bbox 122 2038 1228 2127; baseline -0.001 -19"><span class='ocrx_word' id='word_1_119' title='bbox 122 2042 324 2127; x_wconf 82' lang='lat' dir='ltr'><strong>dextrisque</strong></span> <span class='ocrx_word' id='word_1_120' title='bbox 338 2061 436 2108; x_wconf 88' lang='lat' dir='ltr'><strong>snam</strong></span> <span class='ocrx_word' id='word_1_121' title='bbox 447 2040 656 2125; x_wconf 87' lang='lat' dir='ltr'><strong>liberumque</strong></span> <span class='ocrx_word' id='word_1_122' title='bbox 670 2059 805 2119; x_wconf 88' lang='lat' dir='ltr'><strong>suorum</strong></span> <span class='ocrx_word' id='word_1_123' title='bbox 822 2038 968 2105; x_wconf 87' lang='lat' dir='ltr'><strong>salutem</strong></span> <span class='ocrx_word' id='word_1_124' title='bbox 982 2061 1025 2106; x_wconf 90' lang='lat' dir='ltr'><strong>ao</strong></span> <span class='ocrx_word' id='word_1_125' title='bbox 1037 2040 1228 2108; x_wconf 85' lang='lat' dir='ltr'><strong>libertatem</strong></span> 
     </span>
     <span class='ocr_line' id='line_1_17' title="bbox 121 2141 1228 2230; baseline -0.002 -20"><span class='ocrx_word' id='word_1_126' title='bbox 121 2146 306 2230; x_wconf 83' lang='lat' dir='ltr'><strong>repositum</strong></span> <span class='ocrx_word' id='word_1_127' title='bbox 321 2165 406 2208; x_wconf 90' lang='lat' dir='ltr'><strong>esse.</strong></span> <span class='ocrx_word' id='word_1_128' title='bbox 450 2143 543 2208; x_wconf 89' lang='lat' dir='ltr'><strong>Deos</strong></span> <span class='ocrx_word' id='word_1_129' title='bbox 559 2162 673 2207; x_wconf 87' lang='lat' dir='ltr'><strong>omnes</strong></span> <span class='ocrx_word' id='word_1_130' title='bbox 688 2141 854 2227; x_wconf 76' lang='lat' dir='ltr'><strong>Deaeque</strong></span> <span class='ocrx_word' id='word_1_131' title='bbox 868 2145 1099 2226; x_wconf 87' lang='lat' dir='ltr'><strong>precabantur,</strong></span> <span class='ocrx_word' id='word_1_132' title='bbox 1110 2153 1149 2209; x_wconf 89' lang='lat' dir='ltr'><strong>nt</strong></span> <span class='ocrx_word' id='word_1_133' title='bbox 1158 2144 1228 2211; x_wconf 85' lang='lat' dir='ltr'><strong>illis</strong></span> 
     </span>
     <span class='ocr_line' id='line_1_18' title="bbox 121 2246 1230 2330; baseline 0 -17"><span class='ocrx_word' id='word_1_134' title='bbox 121 2249 274 2315; x_wconf 78' lang='lat' dir='ltr'><strong>faustum</strong></span> <span class='ocrx_word' id='word_1_135' title='bbox 297 2249 372 2326; x_wconf 85' lang='lat' dir='ltr'><strong>iter,</strong></span> <span class='ocrx_word' id='word_1_136' title='bbox 386 2246 538 2330; x_wconf 79' lang='lat' dir='ltr'><strong>felixque</strong></span> <span class='ocrx_word' id='word_1_137' title='bbox 561 2265 685 2329; x_wconf 82' lang='lat' dir='ltr'><strong>pugna,</strong></span> <span class='ocrx_word' id='word_1_138' title='bbox 700 2252 831 2309; x_wconf 90' lang='lat' dir='ltr'><strong>matura</strong></span> <span class='ocrx_word' id='word_1_139' title='bbox 851 2265 893 2309; x_wconf 83' lang='lat' dir='ltr'><strong>ex</strong></span> <span class='ocrx_word' id='word_1_140' title='bbox 914 2246 1071 2310; x_wconf 85' lang='lat' dir='ltr'><strong>hostibus</strong></span> <span class='ocrx_word' id='word_1_141' title='bbox 1087 2248 1230 2312; x_wconf 84' lang='lat' dir='ltr'><strong>victoria</strong></span> 
     </span>
     <span class='ocr_line' id='line_1_19' title="bbox 122 2349 1230 2434; baseline -0.002 -18"><span class='ocrx_word' id='word_1_142' title='bbox 122 2361 232 2432; x_wconf 86' lang='lat' dir='ltr'><strong>esset,</strong></span> <span class='ocrx_word' id='word_1_143' title='bbox 246 2352 549 2433; x_wconf 80' lang='lat' dir='ltr'><strong>damnarenturque</strong></span> <span class='ocrx_word' id='word_1_144' title='bbox 565 2350 632 2433; x_wconf 93' lang='lat' dir='ltr'><strong>ipsi</strong></span> <span class='ocrx_word' id='word_1_145' title='bbox 647 2355 813 2424; x_wconf 88' lang='lat' dir='ltr'><strong>votorum,</strong></span> <span class='ocrx_word' id='word_1_146' title='bbox 829 2368 906 2431; x_wconf 83' lang='lat' dir='ltr'><strong>quae</strong></span> <span class='ocrx_word' id='word_1_147' title='bbox 922 2368 983 2432; x_wconf 87' lang='lat' dir='ltr'><strong>pro</strong></span> <span class='ocrx_word' id='word_1_148' title='bbox 998 2349 1041 2412; x_wconf 93' lang='lat' dir='ltr'><strong>iis</strong></span> <span class='ocrx_word' id='word_1_149' title='bbox 1057 2350 1230 2434; x_wconf 84' lang='lat' dir='ltr'><strong>suscepis-</strong></span> 
     </span>
     <span class='ocr_line' id='line_1_20' title="bbox 80 2451 1230 2539; baseline -0.006 -17"><span class='ocrx_word' id='word_1_150' title='bbox 80 2468 83 2476; x_wconf 85' lang='lat'>&#39;</span> <span class='ocrx_word' id='word_1_151' title='bbox 125 2461 223 2536; x_wconf 82' lang='lat' dir='ltr'><strong>eent3</strong></span> <span class='ocrx_word' id='word_1_152' title='bbox 245 2461 295 2533; x_wconf 90' lang='lat' dir='ltr'><strong>nt,</strong></span> <span class='ocrx_word' id='word_1_153' title='bbox 311 2453 590 2539; x_wconf 83' lang='lat' dir='ltr'><strong>quemadmodum</strong></span> <span class='ocrx_word' id='word_1_154' title='bbox 607 2471 695 2517; x_wconf 89' lang='lat' dir='ltr'><strong>nunc</strong></span> <span class='ocrx_word' id='word_1_155' title='bbox 717 2451 842 2516; x_wconf 88' lang='lat' dir='ltr'><strong>soliciti</strong></span> <span class='ocrx_word' id='word_1_156' title='bbox 863 2460 1141 2536; x_wconf 85' lang='lat' dir='ltr'><strong>prosequerentur</strong></span> <span class='ocrx_word' id='word_1_157' title='bbox 1159 2473 1230 2533; x_wconf 84' lang='lat' dir='ltr'><strong>sos,</strong></span> 
     </span>
     <span class='ocr_line' id='line_1_21' title="bbox 124 2553 1229 2642; baseline -0.005 -18"><span class='ocrx_word' id='word_1_158' title='bbox 124 2557 176 2633; x_wconf 88' lang='lat' dir='ltr'><strong>ita</strong></span> <span class='ocrx_word' id='word_1_159' title='bbox 194 2576 327 2642; x_wconf 84' lang='lat' dir='ltr'><strong>pancos</strong></span> <span class='ocrx_word' id='word_1_160' title='bbox 346 2561 425 2641; x_wconf 88' lang='lat' dir='ltr'><strong>pust</strong></span> <span class='ocrx_word' id='word_1_161' title='bbox 439 2553 513 2621; x_wconf 87' lang='lat' dir='ltr'><strong>dies</strong></span> <span class='ocrx_word' id='word_1_162' title='bbox 527 2554 600 2622; x_wconf 76' lang='lat' dir='ltr'><strong>leeti</strong></span> <span class='ocrx_word' id='word_1_163' title='bbox 620 2555 802 2620; x_wconf 84' lang='lat' dir='ltr'><strong>orantibus</strong></span> <span class='ocrx_word' id='word_1_164' title='bbox 816 2554 961 2619; x_wconf 83' lang='lat' dir='ltr'><strong>victoria</strong></span> <span class='ocrx_word' id='word_1_165' title='bbox 974 2554 1112 2620; x_wconf 86' lang='lat' dir='ltr'><strong>obviam</strong></span> <span class='ocrx_word' id='word_1_166' title='bbox 1133 2555 1229 2621; x_wconf 88' lang='lat' dir='ltr'><strong>irent.</strong></span> 
     </span>
     <span class='ocr_line' id='line_1_22' title="bbox 125 2658 1229 2744; baseline -0.003 -18"><span class='ocrx_word' id='word_1_167' title='bbox 125 2661 278 2727; x_wconf 81' lang='lat' dir='ltr'><strong>invitare</strong></span> <span class='ocrx_word' id='word_1_168' title='bbox 292 2660 369 2725; x_wconf 88' lang='lat' dir='ltr'><strong>inde</strong></span> <span class='ocrx_word' id='word_1_169' title='bbox 382 2678 445 2744; x_wconf 91' lang='lat' dir='ltr'><strong>pro</strong></span> <span class='ocrx_word' id='word_1_170' title='bbox 458 2678 495 2724; x_wconf 91' lang='lat' dir='ltr'><strong>se</strong></span> <span class='ocrx_word' id='word_1_171' title='bbox 509 2660 652 2744; x_wconf 91' lang='lat' dir='ltr'><strong>quisque</strong></span> <span class='ocrx_word' id='word_1_172' title='bbox 665 2667 700 2723; x_wconf 89' lang='lat' dir='ltr'><strong>et</strong></span> <span class='ocrx_word' id='word_1_173' title='bbox 712 2658 829 2723; x_wconf 82' lang='lat' dir='ltr'><strong>offerre</strong></span> <span class='ocrx_word' id='word_1_174' title='bbox 839 2666 875 2722; x_wconf 90' lang='lat' dir='ltr'><strong>et</strong></span> <span class='ocrx_word' id='word_1_175' title='bbox 883 2658 1048 2740; x_wconf 70' lang='lat' dir='ltr'><strong>fatigare⁴</strong></span> <span class='ocrx_word' id='word_1_176' title='bbox 1061 2658 1229 2740; x_wconf 87' lang='lat' dir='ltr'><strong>precibus,</strong></span> 
     </span>
     <span class='ocr_line' id='line_1_23' title="bbox 125 2761 1236 2849; baseline 0.001 -21"><span class='ocrx_word' id='word_1_177' title='bbox 125 2770 175 2843; x_wconf 89' lang='lat' dir='ltr'><strong>ut,</strong></span> <span class='ocrx_word' id='word_1_178' title='bbox 192 2782 270 2849; x_wconf 75' lang='lat' dir='ltr'><strong>quar</strong></span> <span class='ocrx_word' id='word_1_179' title='bbox 292 2764 378 2847; x_wconf 88' lang='lat' dir='ltr'><strong>ipsis</strong></span> <span class='ocrx_word' id='word_1_180' title='bbox 395 2761 622 2847; x_wconf 88' lang='lat' dir='ltr'><strong>jumentisque</strong></span> <span class='ocrx_word' id='word_1_181' title='bbox 642 2764 721 2827; x_wconf 89' lang='lat' dir='ltr'><strong>usui</strong></span> <span class='ocrx_word' id='word_1_182' title='bbox 743 2766 868 2840; x_wconf 83' lang='lat' dir='ltr'><strong>essent,</strong></span> <span class='ocrx_word' id='word_1_183' title='bbox 889 2761 934 2826; x_wconf 87' lang='lat' dir='ltr'><strong>ab</strong></span> <span class='ocrx_word' id='word_1_184' title='bbox 956 2781 994 2826; x_wconf 90' lang='lat' dir='ltr'><strong>se</strong></span> <span class='ocrx_word' id='word_1_185' title='bbox 1015 2762 1236 2845; x_wconf 84' lang='lat' dir='ltr'><strong>potissimum</strong></span> 
     </span>
     <span class='ocr_line' id='line_1_24' title="bbox 127 2862 1231 2949; baseline -0.001 -17"><span class='ocrx_word' id='word_1_186' title='bbox 127 2872 309 2933; x_wconf 89' lang='lat' dir='ltr'><strong>sumerent.</strong></span> <span class='ocrx_word' id='word_1_187' title='bbox 353 2862 504 2949; x_wconf 80' lang='lat' dir='ltr'><strong>Benigne</strong></span> <span class='ocrx_word' id='word_1_188' title='bbox 520 2867 631 2931; x_wconf 89' lang='lat' dir='ltr'><strong>omnia</strong></span> <span class='ocrx_word' id='word_1_189' title='bbox 645 2865 819 2931; x_wconf 84' lang='lat' dir='ltr'><strong>cumulata</strong></span> <span class='ocrx_word' id='word_1_190' title='bbox 833 2864 923 2930; x_wconf 88' lang='lat' dir='ltr'><strong>dare.</strong></span> <span class='ocrx_word' id='word_1_191' title='bbox 967 2863 1143 2931; x_wconf 87' lang='lat' dir='ltr'><strong>Modestia</strong></span> <span class='ocrx_word' id='word_1_192' title='bbox 1157 2885 1231 2931; x_wconf 88' lang='lat' dir='ltr'><strong>oer-</strong></span> 
     </span>
     <span class='ocr_line' id='line_1_25' title="bbox 127 2968 1230 3055; baseline -0.001 -19"><span class='ocrx_word' id='word_1_193' title='bbox 127 2978 201 3036; x_wconf 90' lang='lat' dir='ltr'><strong>ture</strong></span> <span class='ocrx_word' id='word_1_194' title='bbox 225 2970 359 3049; x_wconf 87' lang='lat' dir='ltr'><strong>milites,</strong></span> <span class='ocrx_word' id='word_1_195' title='bbox 383 2990 426 3033; x_wconf 86' lang='lat' dir='ltr'><strong>ne</strong></span> <span class='ocrx_word' id='word_1_196' title='bbox 450 2969 533 3055; x_wconf 91' lang='lat' dir='ltr'><strong>quid</strong></span> <span class='ocrx_word' id='word_1_197' title='bbox 556 2970 646 3034; x_wconf 89' lang='lat' dir='ltr'><strong>ultra</strong></span> <span class='ocrx_word' id='word_1_198' title='bbox 668 2988 768 3035; x_wconf 88' lang='lat' dir='ltr'><strong>usum</strong></span> <span class='ocrx_word' id='word_1_199' title='bbox 791 2968 1018 3033; x_wconf 87' lang='lat' dir='ltr'><strong>necessarium</strong></span> <span class='ocrx_word' id='word_1_200' title='bbox 1040 2977 1230 3035; x_wconf 85' lang='lat' dir='ltr'><strong>sumerent:</strong></span> 
     </span>
    </p>
   </div>
   <div class='ocr_carea' id='block_1_5' title="bbox 83 3178 1233 3377">
    <p class='ocr_par' dir='ltr' id='par_1_5' title="bbox 83 3178 1233 3377">
     <span class='ocr_line' id='line_1_26' title="bbox 159 3178 1233 3248; baseline 0.002 -17"><span class='ocrx_word' id='word_1_201' title='bbox 159 3178 172 3213; x_wconf 71' lang='lat'>⁶</span> <span class='ocrx_word' id='word_1_202' title='bbox 191 3180 311 3231; x_wconf 66' lang='lat' dir='ltr'><strong>niumm</strong></span> <span class='ocrx_word' id='word_1_203' title='bbox 320 3196 348 3233; x_wconf 77' lang='lat' dir='ltr'><strong>ar</strong></span> <span class='ocrx_word' id='word_1_204' title='bbox 357 3184 387 3232; x_wconf 87' lang='lat' dir='ltr'><strong>de</strong></span> <span class='ocrx_word' id='word_1_205' title='bbox 395 3196 475 3237; x_wconf 73' lang='lat' dir='ltr'><strong>muso,</strong></span> <span class='ocrx_word' id='word_1_206' title='bbox 485 3186 512 3230; x_wconf 78' lang='lat' dir='ltr'><strong>ot</strong></span> <span class='ocrx_word' id='word_1_207' title='bbox 523 3181 562 3231; x_wconf 77' lang='lat' dir='ltr'><strong>illl</strong></span> <span class='ocrx_word' id='word_1_208' title='bbox 573 3180 675 3247; x_wconf 80' lang='lat' dir='ltr'><strong>(militer</strong></span> <span class='ocrx_word' id='word_1_209' title='bbox 685 3182 760 3247; x_wconf 72' lang='lat' dir='ltr'><strong>ipsine</strong></span> <span class='ocrx_word' id='word_1_210' title='bbox 771 3182 867 3233; x_wconf 69' lang='lat' dir='ltr'><strong>cunae</strong></span> <span class='ocrx_word' id='word_1_211' title='bbox 878 3182 997 3248; x_wconf 66' lang='lat' dir='ltr'><strong>Nonne)</strong></span> <span class='ocrx_word' id='word_1_212' title='bbox 1011 3184 1094 3233; x_wconf 73' lang='lat' dir='ltr'><strong>addito</strong></span> <span class='ocrx_word' id='word_1_213' title='bbox 1106 3188 1233 3247; x_wconf 63' lang='lat' dir='ltr'><strong>quantu·</strong></span> 
     </span>
     <span class='ocr_line' id='line_1_27' title="bbox 83 3246 1233 3324; baseline 0.003 -30"><span class='ocrx_word' id='word_1_214' title='bbox 83 3313 85 3317; x_wconf 28' lang='grc' dir='ltr'>Ι</span> <span class='ocrx_word' id='word_1_215' title='bbox 128 3258 228 3309; x_wconf 66' lang='lat' dir='ltr'><strong>nmque</strong></span> <span class='ocrx_word' id='word_1_216' title='bbox 237 3248 303 3297; x_wconf 75' lang='lat' dir='ltr'><strong>terrai</strong></span> <span class='ocrx_word' id='word_1_217' title='bbox 313 3252 428 3297; x_wconf 78' lang='lat' dir='ltr'><strong>momento</strong></span> <span class='ocrx_word' id='word_1_218' title='bbox 436 3247 479 3312; x_wconf 83' lang='lat' dir='ltr'><strong>(nd</strong></span> <span class='ocrx_word' id='word_1_219' title='bbox 488 3246 566 3324; x_wconf 79' lang='lat' dir='ltr'><strong>copias</strong></span> <span class='ocrx_word' id='word_1_220' title='bbox 577 3248 615 3297; x_wconf 83' lang='lat' dir='ltr'><strong>M.</strong></span> <span class='ocrx_word' id='word_1_221' title='bbox 625 3246 692 3297; x_wconf 63' lang='grc' dir='ltr'><strong>Βοὴ·</strong></span> <span class='ocrx_word' id='word_1_222' title='bbox 701 3248 800 3299; x_wconf 64' lang='lat' dir='ltr'><strong>ollulas</strong></span> <span class='ocrx_word' id='word_1_223' title='bbox 810 3248 1069 3315; x_wconf 68' lang='lat' dir='ltr'><strong>comensium,</strong></span> <span class='ocrx_word' id='word_1_224' title='bbox 1078 3250 1101 3298; x_wconf 76' lang='lat' dir='ltr'><strong>si</strong></span> <span class='ocrx_word' id='word_1_225' title='bbox 1110 3248 1179 3309; x_wconf 81' lang='lat' dir='ltr'><strong>sorte</strong></span> <span class='ocrx_word' id='word_1_226' title='bbox 1188 3263 1233 3298; x_wconf 76' lang='lat' dir='ltr'><strong>nri·</strong></span> 
     </span>
     <span class='ocr_line' id='line_1_28' title="bbox 128 3312 834 3377; baseline 0.007 -19"><span class='ocrx_word' id='word_1_227' title='bbox 128 3314 203 3369; x_wconf 76' lang='lat' dir='ltr'><strong>toret,</strong></span> <span class='ocrx_word' id='word_1_228' title='bbox 213 3324 291 3363; x_wconf 72' lang='lat' dir='ltr'><strong>um</strong></span> <span class='ocrx_word' id='word_1_229' title='bbox 301 3312 421 3363; x_wconf 66' lang='lat' dir='ltr'><strong>traherent</strong></span> <span class='ocrx_word' id='word_1_230' title='bbox 430 3316 501 3377; x_wconf 74' lang='lat' dir='ltr'><strong>etque</strong></span> <span class='ocrx_word' id='word_1_231' title='bbox 511 3312 652 3362; x_wconf 77' lang='lat' dir='ltr'><strong>rnrlimrnrt</strong></span> <span class='ocrx_word' id='word_1_232' title='bbox 664 3314 695 3362; x_wconf 79' lang='lat' dir='ltr'><strong>od</strong></span> <span class='ocrx_word' id='word_1_233' title='bbox 708 3313 834 3363; x_wconf 63' lang='lat' dir='ltr'><strong>&amp;menon</strong></span> 
     </span>
    </p>
   </div>
   <div class='ocr_carea' id='block_1_6' title="bbox 129 3588 1237 4177">
    <p class='ocr_par' dir='ltr' id='par_1_6' title="bbox 131 3588 1235 3767">
     <span class='ocr_line' id='line_1_29' title="bbox 163 3588 1233 3657; baseline 0.005 -20"><span class='ocrx_word' id='word_1_234' title='bbox 163 3592 178 3637; x_wconf 87' lang='lat'>1</span> <span class='ocrx_word' id='word_1_235' title='bbox 198 3588 304 3652; x_wconf 72' lang='lat' dir='ltr'><strong>Vulgnt.</strong></span> <span class='ocrx_word' id='word_1_236' title='bbox 312 3588 418 3640; x_wconf 85' lang='lat' dir='ltr'><strong>lection.</strong></span> <span class='ocrx_word' id='word_1_237' title='bbox 428 3588 624 3652; x_wconf 77' lang='lat' dir='ltr'><strong>rudiaturjnbet</strong></span> <span class='ocrx_word' id='word_1_238' title='bbox 635 3588 803 3641; x_wconf 75' lang='lat' dir='ltr'><strong>Rhenum-2</strong></span> <span class='ocrx_word' id='word_1_239' title='bbox 819 3591 1118 3657; x_wconf 61' lang='lat' dir='ltr'><strong>‘seriptiportmpnnn</strong></span> <span class='ocrx_word' id='word_1_240' title='bbox 1126 3596 1233 3654; x_wconf 73' lang='lat' dir='ltr'><strong>purim</strong></span> 
     </span>
     <span class='ocr_line' id='line_1_30' title="bbox 131 3652 1235 3767; baseline 0.004 -66"><span class='ocrx_word' id='word_1_241' title='bbox 131 3652 203 3767; x_wconf 82' lang='lat' dir='ltr'><strong>qnod</strong></span> <span class='ocrx_word' id='word_1_242' title='bbox 223 3664 380 3741; x_wconf 79' lang='lat' dir='ltr'><strong>postrerpurn</strong></span> <span class='ocrx_word' id='word_1_243' title='bbox 398 3654 473 3703; x_wconf 83' lang='lat' dir='ltr'><strong>editt.</strong></span> <span class='ocrx_word' id='word_1_244' title='bbox 492 3654 650 3748; x_wconf 50' lang='lat' dir='ltr'><strong>ab‘Anrlren</strong></span> <span class='ocrx_word' id='word_1_245' title='bbox 667 3656 700 3704; x_wconf 79' lang='lat' dir='ltr'><strong>nd</strong></span> <span class='ocrx_word' id='word_1_246' title='bbox 719 3657 899 3751; x_wconf 70' lang='lat' dir='ltr'><strong>qunntinoq.</strong></span> <span class='ocrx_word' id='word_1_247' title='bbox 926 3657 1007 3707; x_wconf 80' lang='lat' dir='ltr'><strong>Aldus</strong></span> <span class='ocrx_word' id='word_1_248' title='bbox 1024 3658 1136 3733; x_wconf 86' lang='lat' dir='ltr'><strong>primurn</strong></span> <span class='ocrx_word' id='word_1_249' title='bbox 1148 3662 1235 3720; x_wconf 72' lang='lat' dir='ltr'><strong>parter</strong></span> 
     </span>
    </p>

    <p class='ocr_par' dir='ltr' id='par_1_7' title="bbox 129 3720 1237 4177">
     <span class='ocr_line' id='line_1_31' title="bbox 151 3720 1234 3787; baseline 0.006 -20"><span class='ocrx_word' id='word_1_250' title='bbox 151 3728 228 3768; x_wconf 84' lang='lat' dir='ltr'><strong>nurus</strong></span> <span class='ocrx_word' id='word_1_251' title='bbox 238 3724 323 3783; x_wconf 71' lang='lat' dir='ltr'><strong>podo.</strong></span> <span class='ocrx_word' id='word_1_252' title='bbox 348 3720 375 3771; x_wconf 82' lang='lat' dir='ltr'><strong>J.</strong></span> <span class='ocrx_word' id='word_1_253' title='bbox 388 3720 418 3769; x_wconf 84' lang='lat' dir='ltr'><strong>F.</strong></span> <span class='ocrx_word' id='word_1_254' title='bbox 430 3720 512 3770; x_wconf 86' lang='lat' dir='ltr'><strong>Gron.</strong></span> <span class='ocrx_word' id='word_1_255' title='bbox 555 3720 634 3770; x_wconf 83' lang='lat' dir='ltr'><strong>Forte</strong></span> <span class='ocrx_word' id='word_1_256' title='bbox 646 3727 762 3785; x_wconf 78' lang='lat' dir='ltr'><strong>rperntoe,</strong></span> <span class='ocrx_word' id='word_1_257' title='bbox 780 3720 864 3771; x_wconf 76' lang='lat' dir='ltr'><strong>Gron.</strong></span> <span class='ocrx_word' id='word_1_258' title='bbox 902 3722 954 3772; x_wconf 79' lang='lat' dir='ltr'><strong>sed</strong></span> <span class='ocrx_word' id='word_1_259' title='bbox 967 3723 1067 3785; x_wconf 72' lang='lat' dir='ltr'><strong>glorie,</strong></span> <span class='ocrx_word' id='word_1_260' title='bbox 1079 3738 1137 3787; x_wconf 77' lang='lat' dir='ltr'><strong>quie</strong></span> <span class='ocrx_word' id='word_1_261' title='bbox 1149 3722 1234 3773; x_wconf 77' lang='lat' dir='ltr'><strong>adime</strong></span> 
     </span>
     <span class='ocr_line' id='line_1_32' title="bbox 132 3784 1235 3850; baseline 0.005 -21"><span class='ocrx_word' id='word_1_262' title='bbox 132 3790 266 3846; x_wconf 80' lang='lat' dir='ltr'><strong>speretur,</strong></span> <span class='ocrx_word' id='word_1_263' title='bbox 283 3785 367 3834; x_wconf 87' lang='lat' dir='ltr'><strong>nullus</strong></span> <span class='ocrx_word' id='word_1_264' title='bbox 384 3784 425 3834; x_wconf 82' lang='lat' dir='ltr'><strong>rel</strong></span> <span class='ocrx_word' id='word_1_265' title='bbox 443 3793 515 3835; x_wconf 88' lang='lat' dir='ltr'><strong>certe</strong></span> <span class='ocrx_word' id='word_1_266' title='bbox 533 3798 583 3835; x_wconf 89' lang='lat' dir='ltr'><strong>uon</strong></span> <span class='ocrx_word' id='word_1_267' title='bbox 604 3800 711 3847; x_wconf 72' lang='lat' dir='ltr'><strong>magnus</strong></span> <span class='ocrx_word' id='word_1_268' title='bbox 723 3786 824 3847; x_wconf 76' lang='lat' dir='ltr'><strong>fructus</strong></span> <span class='ocrx_word' id='word_1_269' title='bbox 842 3794 898 3846; x_wconf 66' lang='grc' dir='ltr'><strong>ειη</strong></span> <span class='ocrx_word' id='word_1_270' title='bbox 916 3800 964 3836; x_wconf 86' lang='lat' dir='ltr'><strong>nee</strong></span> <span class='ocrx_word' id='word_1_271' title='bbox 981 3788 1066 3849; x_wconf 82' lang='lat' dir='ltr'><strong>obest,</strong></span> <span class='ocrx_word' id='word_1_272' title='bbox 1078 3786 1235 3850; x_wconf 71' lang='lat' dir='ltr'><strong>qnodgloria¹</strong></span> 
     </span>
     <span class='ocr_line' id='line_1_33' title="bbox 129 3848 1236 3916; baseline 0.004 -18"><span class='ocrx_word' id='word_1_273' title='bbox 129 3854 201 3910; x_wconf 77' lang='lat' dir='ltr'><strong>perio</strong></span> <span class='ocrx_word' id='word_1_274' title='bbox 212 3848 316 3912; x_wconf 85' lang='lat' dir='ltr'><strong>dieitur,</strong></span> <span class='ocrx_word' id='word_1_275' title='bbox 326 3864 383 3913; x_wconf 74' lang='lat' dir='ltr'><strong>qun</strong></span> <span class='ocrx_word' id='word_1_276' title='bbox 396 3849 478 3899; x_wconf 84' lang='lat' dir='ltr'><strong>adhue</strong></span> <span class='ocrx_word' id='word_1_277' title='bbox 489 3851 660 3911; x_wconf 79' lang='lat' dir='ltr'><strong>sperabatur:</strong></span> <span class='ocrx_word' id='word_1_278' title='bbox 678 3865 736 3900; x_wconf 84' lang='lat' dir='ltr'><strong>narn</strong></span> <span class='ocrx_word' id='word_1_279' title='bbox 749 3852 790 3900; x_wconf 86' lang='lat' dir='ltr'><strong>irie</strong></span> <span class='ocrx_word' id='word_1_280' title='bbox 807 3859 847 3900; x_wconf 84' lang='lat' dir='ltr'><strong>est</strong></span> <span class='ocrx_word' id='word_1_281' title='bbox 858 3850 980 3916; x_wconf 80' lang='lat' dir='ltr'><strong>frequens</strong></span> <span class='ocrx_word' id='word_1_282' title='bbox 998 3867 1057 3901; x_wconf 75' lang='lat' dir='ltr'><strong>usur</strong></span> <span class='ocrx_word' id='word_1_283' title='bbox 1071 3851 1193 3915; x_wconf 76' lang='lat' dir='ltr'><strong>perlecti,</strong></span> <span class='ocrx_word' id='word_1_284' title='bbox 1205 3860 1236 3902; x_wconf 88' lang='lat' dir='ltr'><strong>ut</strong></span> 
     </span>
     <span class='ocr_line' id='line_1_34' title="bbox 134 3914 1236 4032; baseline 0.004 -7"><span class='ocrx_word' id='word_1_285' title='bbox 134 3914 1236 4032; x_wconf 43' lang='lat' dir='ltr'><strong>ttlatrlli¹⁰ltit‘llfn‘trntnl:liguentiaetitillet</strong></span> 
     </span>
     <span class='ocr_line' id='line_1_35' title="bbox 134 3996 1234 4111; baseline 0.004 -20"><span class='ocrx_word' id='word_1_286' title='bbox 134 4048 166 4092; x_wconf 83' lang='lat' dir='ltr'><strong>toe</strong></span> <span class='ocrx_word' id='word_1_287' title='bbox 179 4058 226 4107; x_wconf 87' lang='lat' dir='ltr'><strong>pro</strong></span> <span class='ocrx_word' id='word_1_288' title='bbox 243 3996 448 4109; x_wconf 44' lang='lat' dir='ltr'><strong>moseddqqujs</strong></span> <span class='ocrx_word' id='word_1_289' title='bbox 470 4053 614 4109; x_wconf 83' lang='lat' dir='ltr'><strong>pareretur,</strong></span> <span class='ocrx_word' id='word_1_290' title='bbox 630 4045 689 4098; x_wconf 74' lang='lat' dir='ltr'><strong>dae.</strong></span> <span class='ocrx_word' id='word_1_291' title='bbox 707 4045 800 4096; x_wconf 82' lang='lat' dir='ltr'><strong>Grem&#39;</strong></span> <span class='ocrx_word' id='word_1_292' title='bbox 818 3998 966 4111; x_wconf 36' lang='lat' dir='ltr'><strong>llam&amp;</strong></span> <span class='ocrx_word' id='word_1_293' title='bbox 982 4018 1113 4097; x_wconf 59' lang='lat' dir='ltr'><strong>Ae’Gron.</strong></span> <span class='ocrx_word' id='word_1_294' title='bbox 1124 4016 1234 4110; x_wconf 60' lang='lat' dir='ltr'><strong>Ilonjnt.</strong></span> 
     </span>
     <span class='ocr_line' id='line_1_36' title="bbox 136 4108 1237 4177; baseline 0.002 -19"><span class='ocrx_word' id='word_1_295' title='bbox 136 4109 210 4159; x_wconf 76' lang='lat' dir='ltr'><strong>Creu.</strong></span> <span class='ocrx_word' id='word_1_296' title='bbox 234 4109 299 4161; x_wconf 83' lang='lat' dir='ltr'><strong>Mox</strong></span> <span class='ocrx_word' id='word_1_297' title='bbox 312 4108 359 4160; x_wconf 82' lang='lat' dir='ltr'><strong>inf.</strong></span> <span class='ocrx_word' id='word_1_298' title='bbox 371 4109 437 4161; x_wconf 72' lang='lat' dir='ltr'><strong>ead.</strong></span> <span class='ocrx_word' id='word_1_299' title='bbox 449 4110 548 4161; x_wconf 77' lang='lat' dir='ltr'><strong>hebent</strong></span> <span class='ocrx_word' id='word_1_300' title='bbox 558 4110 730 4175; x_wconf 69' lang='lat' dir='ltr'><strong>itemqu</strong></span> <span class='ocrx_word' id='word_1_301' title='bbox 743 4125 791 4175; x_wconf 89' lang='lat' dir='ltr'><strong>pro</strong></span> <span class='ocrx_word' id='word_1_302' title='bbox 801 4112 1004 4177; x_wconf 53' lang='lat' dir='ltr'><strong>libramen</strong></span> <span class='ocrx_word' id='word_1_303' title='bbox 1021 4112 1091 4162; x_wconf 86' lang='lat' dir='ltr'><strong>Olim</strong></span> <span class='ocrx_word' id='word_1_304' title='bbox 1102 4112 1237 4175; x_wconf 73' lang='lat' dir='ltr'><strong>legebatur</strong></span> 
     </span>
    </p>
   </div>
   <div class='ocr_carea' id='block_1_7' title="bbox 330 4254 1009 4422">
    <p class='ocr_par' dir='ltr' id='par_1_8' title="bbox 330 4254 1009 4422">
     <span class='ocr_line' id='line_1_37' title="bbox 634 4254 741 4309; baseline 0.019 -2"><span class='ocrx_word' id='word_1_305' title='bbox 634 4254 741 4309; x_wconf 72' lang='lat' dir='ltr'>NOTAE</span> 
     </span>
     <span class='ocr_line' id='line_1_38' title="bbox 330 4352 1009 4422; baseline 0.004 -18"><span class='ocrx_word' id='word_1_306' title='bbox 330 4364 343 4399; x_wconf 70' lang='grc' dir='ltr'>Ι</span> <span class='ocrx_word' id='word_1_307' title='bbox 360 4355 410 4405; x_wconf 81' lang='lat' dir='ltr'><strong>Per</strong></span> <span class='ocrx_word' id='word_1_308' title='bbox 423 4355 541 4407; x_wconf 71' lang='lat' dir='ltr'><strong>intrusio</strong></span> <span class='ocrx_word' id='word_1_309' title='bbox 553 4352 644 4421; x_wconf 71' lang='lat' dir='ltr'><strong>nmio]</strong></span> <span class='ocrx_word' id='word_1_310' title='bbox 661 4354 771 4422; x_wconf 77' lang='lat' dir='ltr'><strong>supple,</strong></span> <span class='ocrx_word' id='word_1_311' title='bbox 781 4353 878 4408; x_wconf 79' lang='lat' dir='ltr'><strong>itinera</strong></span> <span class='ocrx_word' id='word_1_312' title='bbox 888 4354 930 4406; x_wconf 84' lang='lat' dir='ltr'><strong>rel</strong></span> <span class='ocrx_word' id='word_1_313' title='bbox 941 4355 1009 4407; x_wconf 76' lang='lat' dir='ltr'><strong>loos.</strong></span> 
     </span>
    </p>
   </div>
   <div class='ocr_carea' id='block_1_8' title="bbox 0 0 1662 5225">
    <p class='ocr_par' dir='ltr' id='par_1_9' title="bbox 0 0 1662 5225">
     <span class='ocr_line' id='line_1_39' title="bbox 0 0 1662 5225; baseline 0 0"><span class='ocrx_word' id='word_1_314' title='bbox 0 0 1662 5225; x_wconf 95' lang='lat' dir='ltr'><strong> </strong></span> 
     </span>
    </p>
   </div>
  </div>
 </body>
</html>
