3259 5225
420 468 506 537 228⁰
892 485 928 534 τ.
951 485 1049 536 nrvrt

423 631 509 709 iude,
526 637 626 718 atque
641 651 714 710 eon,
729 631 788 718 qui
806 631 852 698 ad
871 633 981 717 prima
1001 627 1117 716 nigua¹
1136 635 1240 710 eraut,
1256 633 1389 698 evertit.
1431 631 1509 699 Pam

420 735 456 800 iu
479 735 590 820 fugam
612 735 719 813 effusi,
735 755 817 820 pare
837 737 873 801 in
892 735 1006 801 medio
1023 735 1126 802 eaeei:
1147 735 1204 802 ubi
1220 743 1254 801 et
1267 737 1347 819 ipse
1363 735 1426 802 Gn.
1440 735 1510 801 Ful·

420 841 496 905 vius
521 859 598 904 cum
624 839 779 906 undecim
804 839 1013 903 tribonium
1039 839 1184 904 militum
1207 838 1342 904 oeeidit.
1393 835 1511 903 Romu-

420 960 538 1013 norum
561 941 797 1027 sociorumque
818 947 903 1027 quot
922 961 1013 1007 caeea
1033 942 1069 1007 iu
1091 942 1212 1026 praelio
1225 940 1331 1006 millia
1347 941 1428 1016 sint,
1441 941 1509 1025 quie

420 1063 484 1127 pro
507 1047 597 1109 cerlo
621 1042 783 1110 affirmet'l
803 1063 880 1110 eum
905 1043 1065 1110 tredecim
1086 1044 1192 1110 millia
1212 1044 1307 1122 alibi,
1328 1045 1411 1110 alibi
1433 1042 1509 1109 haud

420 1147 509 1232 plue,
535 1165 635 1231 quarn
662 1151 805 1232 septem,
829 1147 1010 1213 inveniam.
1055 1146 1186 1214 Caenis
1211 1148 1395 1232 praedaque
1416 1147 1511 1212 victor

423 1249 560 1334 potitur.
604 1247 833 1330 Herdoneam,
847 1249 930 1334 quia
944 1255 979 1314 et
993 1249 1200 1316 deiecturum
1213 1252 1321 1316 fuisse
1337 1250 1383 1314 ad
1397 1248 1509 1314 Roma·

326 1361 330 1368 '
421 1371 482 1419 nos
505 1351 682 1434 comperit,
697 1369 758 1416 nec
779 1369 972 1417 mansuram
994 1352 1031 1416 iu
1053 1350 1131 1430 lide,
1146 1355 1178 1418 ei
1194 1351 1273 1418 iude
1287 1353 1509 1430 abscessisset,

421 1454 634 1522 multitudiue
649 1455 739 1519 omni
756 1451 995 1538 Metapontum
1010 1472 1052 1519 uc
1065 1451 1211 1519 Thurios
1230 1453 1395 1532 traducta,
1409 1453 1510 1518 iucen-

420 1557 489 1624 dit:
512 1557 675 1622 occidit¹³
698 1557 881 1641 principes,
896 1556 956 1641 qui
978 1575 1055 1621 oum
1071 1555 1191 1623 Fuluio
1205 1555 1376 1640 colloquia
1389 1555 1510 1620 occulta

422 1659 582 1726 hahuisse
597 1659 762 1743 comperti
779 1666 869 1723 mut.
913 1657 1074 1738 Romani,
1088 1659 1148 1742 qui
1162 1678 1207 1724 ex
1222 1663 1317 1724 tanta
1331 1657 1429 1723 clade
1441 1677 1509 1722 era·

423 1767 544 1840 serant,
558 1761 700 1826 diversis
717 1761 896 1826 itineribus
916 1767 1132 1826 semermes¹⁴
1152 1761 1195 1826 ad
1216 1760 1419 1827 Marcellum
1439 1779 1509 1826 cou-

419 1863 527 1929 sulem
542 1863 577 1928 in
593 1863 768 1928 Samnium
786 1861 1013 1946 perfugerant.

464 1965 498 2032 2.
522 1964 720 2042 Marcellus,
735 1963 818 2029 nihil
832 1963 1012 2029 admodum
1027 1971 1123 2030 tantu
1136 1965 1235 2032 elude
1250 1965 1396 2042 territus,
1409 1964 1507 2029 literae

422 2067 567 2135 Romam
593 2068 636 2133 ad
659 2071 814 2133 senatum
835 2067 880 2133 de
902 2068 989 2133 duee
1009 2075 1045 2136 et
1065 2069 1218 2134 exercitu
1236 2069 1281 2134 ad
1305 2067 1507 2133 Herdoneam

422 2170 550 2236 amisso
574 2171 705 2236 scribit.
749 2169 932 2236 ‘Ceterum
954 2171 1094 2237 eundem
1117 2191 1168 2251 ae,
1190 2171 1250 2256 qui
1270 2178 1350 2256 post
1372 2169 1507 2236 Canum·

421 2291 496 2338 sem
515 2291 659 2358 pugnam
674 2273 822 2338 ferocem
837 2273 979 2340 victoria
991 2273 1219 2339 Hannibalem
1233 2273 1454 2350 contudisset,
1465 2273 1506 2336 ire

421 2375 583 2441 adversus
599 2397 685 2453 eum,
697 2377 833 2442 brevem
847 2375 899 2441 illi
913 2375 1079 2454 laetitiam,
1089 2394 1158 2460 qua
1169 2375 1308 2455 exultet,
1319 2375 1507 2442 facturuml*

306 2475 307 2480 ’
423 2476 470 2542 Et
492 2476 615 2545 Romae
639 2477 773 2563 quidem
795 2498 872 2543 eum
898 2477 1010 2543 luctus
1034 2479 1150 2561 ingene
1176 2497 1221 2542 ex
1245 2480 1427 2563 praeterito,
1448 2485 1508 2542 tum

420 2583 519 2647 timor
541 2584 575 2647 iu
597 2581 746 2648 futurum
772 2588 856 2648 erat.
911 2582 1054 2663 Consul,
1076 2601 1120 2648 ex
1141 2583 1282 2648 Samnio
1304 2583 1340 2648 in
1365 2581 1506 2647 Lucanos

422 2680 659 2769 transgressus,
682 2684 726 2751 ad
753 2685 1031 2751 Numistronem·
1056 2686 1091 2750 in
1113 2693 1296 2770 conspeetu
1320 2682 1529 2775 Hannibalis·

453 2848 1495 2923 ‘Seffxtmmutmdiesruturllnaildgdieuieteriaequemmltm

879 2996 1062 3019 ΝΝΙΌΜΟΝ

419 3096 633 3147 cecidissent-12
652 3096 693 3148 Al.
709 3080 764 3149 eant
771 3098 895 3149 duodecin
904 3098 1026 3149 ertu-tt
1040 3100 1179 3164 Occiditpee
1190 3100 1216 3150 iu
1227 3098 1384 3165 quibusdem
1395 3097 1457 3149 Edd.
1467 3095 1506 3145 ted

419 3161 672 3277 ikrzrdltilblzessdbsaepoud
686 3164 771 3214 Drak.
782 3163 887 3227 adjectu
898 3165 1027 3229 particula
1037 3180 1082 3229 pue
1097 3180 1148 3216 uon
1164 3165 1381 3217 extinctum—14
1396 3162 1506 3216 Quadam

914 3342 1025 3394 Now

375 3444 385 3457 ⁸
450 3433 542 3492 *Qua
562 3436 588 3485 in
604 3438 705 3487 aceede
721 3438 784 3504 acie]
810 3440 882 3491 Gall.
901 3442 952 3498 Qui
991 3449 1018 3492 et
1029 3442 1223 3495 Seuaoeoloee
1231 3442 1385 3493 describunt
1394 3437 1506 3491 ubilodie

418 3511 730 3575 tteitdleeemdeligre.
993 3520 1117 3577 Nicertre,
1134 3520 1194 3570 urbe
1222 3520 1349 3571 Calabriae
1381 3516 1505 3567 ulteriorit.

451 3588 516 3639 ¹Ae
533 3591 610 3653 prium
627 3590 711 3655 ripn]
735 3590 806 3643 Gall.
824 3596 841 3643 et
858 3593 882 3643 le
897 3608 952 3658 ptu-
993 3597 1181 3647 Numeetrauot
1218 3595 1319 3646 Pliniue
1354 3592 1505 3645 volcentani·

419 3667 493 3717 mitre
507 3667 581 3729 ligne.
988 3671 1095 3734 juuotoe
1113 3672 1160 3729 ait,
1176 3685 1240 3737 quot
1257 3670 1331 3735 quati
1347 3669 1505 3725 condentum

453 3750 471 3776 ¹
489 3743 550 3793 Gan
560 3743 668 3793 undecim
678 3746 793 3811 tribunis]
814 3746 893 3796 Hune
904 3759 951 3795 uu·
992 3748 1141 3798 Volceienie
1152 3747 1243 3798 &lem
1260 3746 1410 3797 Clttadinue
1424 3746 1448 3794 iu
1462 3756 1505 3791 ne·

418 3834 518 3869 merum
546 3818 690 3884 praeierunt
717 3823 782 3873 Mer.
810 3831 840 3874 et
864 3821 952 3874 firmet
991 3823 1147 3874 diterraneie
1159 3822 1278 3874 Lucaniae
1296 3823 1366 3873 locat
1380 3818 1505 3873 interdiu·

418 3895 491 3946 Plut.
504 3894 628 3948 adverrue
639 3898 732 3955 editoe,
740 3900 766 3948 iu
782 3900 876 3965 quibua
887 3898 952 3949 duo·
992 3915 1049 3951 rum
1059 3900 1242 3965 etTauegrum
1249 3898 1340 3950 fluvio·
1348 3900 1419 3951 circa
1427 3896 1506 3948 Albur-

418 3971 504 4021 decim
516 3973 615 4023 tribuni
630 3974 761 4039 legionum
781 3976 845 4026 emti
863 3988 952 4025 uume-
990 3992 1052 4027 uum
1065 3983 1189 4041 montem,
1201 3978 1289 4043 aitque
1297 3991 1366 4026 nune
1378 3976 1460 4026 Boeiuo
1468 3986 1504 4036 tp

421 4057 520 4099 rantur.
992 4055 1101 4118 pelleri:
1121 4069 1174 4118 quo
1191 4054 1243 4103 ritu
1261 4051 1341 4116 future
1351 4066 1448 4119 quoque
1458 4047 1504 4097 Nu·

452 4133 465 4159 ¹
481 4125 522 4176 Ae
539 4126 729 4193 Numistronem]
744 4128 881 4191 Numistro,
897 4130 952 4179 rive
992 4132 1120 4193 mietrum,
1137 4132 1206 4180 cirea
1219 4129 1344 4193 oppidum
1358 4129 1423 4195 quud
1439 4128 1502 4189 uulgo

420 4202 579 4260 Nuntiatum,
591 4218 606 4254 a
618 4204 727 4268 Nostro,
736 4214 763 4255 et
776 4220 790 4252 ι
802 4204 953 4261 Plutarcho.
994 4210 1075 4271 Mero,
1085 4208 1109 4257 ei
1119 4209 1178 4274 quie
1190 4204 1369 4273 affirmaverit,
1379 4222 1417 4258 me
1424 4218 1503 4271 repug-

419 4278 447 4326 iu
461 4278 575 4330 Lucania
590 4281 714 4347 ponitur:
732 4296 748 4332 u
765 4283 910 4333 Ptolemae
926 4283 954 4333 iu
992 4293 1097 4337 nentem
1109 4300 1159 4337 uun
1168 4283 1285 4336 hebebit.

419 4356 546 4420 Bruttiit5
563 4359 704 4411 necandum
724 4374 801 4427 quem
819 4360 954 4412 Cluverius
