3259 5225
363 487 451 555 2480
842 504 878 551 u.
904 500 1000 551 civit

315 734 318 741 ¹
365 648 646 715 obtrectationem
668 653 867 733 suspectam
889 668 976 716 esse.
1020 646 1126 735 (injus
1139 666 1210 733 „ego
1230 648 1282 715 rei
1304 666 1372 717 nen
1394 656 1466 717 tarn

364 750 440 835 ipse
455 751 564 818 ausim
579 757 711 817 tentum
726 752 835 817 virum
855 751 1062 831 insimulare,
1086 772 1189 837 quom
1199 758 1228 791 ²⁰
1247 772 1287 820 eo
1301 754 1468 838 suspicio,

365 852 447 919 vitio
469 854 643 931 orationis,
666 872 707 917 en
733 853 796 931 rei,
819 852 911 919 haud
932 874 1015 921 sene
1035 860 1177 939 purgato
1192 866 1258 919 est.
1302 856 1361 923 Sic
1379 856 1469 921 enim

364 954 510 1020 honores
533 974 614 1020 suos
634 960 669 1019 et
689 954 811 1021 famum
834 974 942 1021 reram
961 965 1135 1039 gestarum
1147 956 1271 1023 extulit
1287 958 1410 1035 verbis,
1424 957 1471 1021 ad

365 1056 626 1142 extinguendum
657 1057 794 1122 invidiee
825 1058 963 1136 crimen,
993 1063 1155 1142 tanquam
1183 1058 1264 1123 mihi
1286 1061 1331 1125 eb
1350 1057 1469 1123 infimo

329 1158 332 1175 '
366 1180 503 1247 quoque
517 1159 703 1245 periculum
720 1160 775 1237 sit,
791 1179 834 1224 ne
856 1180 991 1226 mecum
1006 1161 1199 1243 aemuietur3
1221 1170 1257 1227 ct
1271 1181 1339 1227 uon
1351 1161 1396 1227 ab
1410 1181 1469 1239 eo,

366 1263 438 1347 qui,
455 1262 536 1347 quia
549 1282 650 1347 super
665 1267 798 1327 ceteros
812 1263 972 1343 exceliat,
986 1283 1055 1349 quo
1070 1284 1124 1329 me
1137 1272 1147 1302 ¹
1168 1284 1302 1349 quoque
1324 1264 1386 1331 niti
1399 1282 1471 1329 non

365 1366 572 1444 dissimulu,¹²
586 1385 638 1431 mo
653 1364 717 1430 sibi
733 1367 861 1450 aequari
872 1367 963 1433 nolit.
1007 1368 1067 1434 Sic
1081 1388 1195 1434 senem
1209 1388 1247 1433 se
1257 1368 1471 1452 perfunctum

365 1470 592 1547 honoribus,¹⁰
607 1474 643 1533 et
658 1487 711 1533 mc
729 1468 818 1533 inira
831 1473 967 1534 aetatem
978 1468 1038 1535 iilii
1052 1471 1154 1535 etium
1168 1470 1223 1535 sni
1236 1471 1374 1553 posuit;
1396 1476 1471 1535 ten·

366 1591 466 1655 quern
481 1591 549 1636 non
569 1570 717 1655 longius,
740 1590 841 1655 quam
864 1576 1028 1657 quantum
1045 1573 1126 1639 vitoe
1142 1574 1296 1639 humanae
1320 1572 1471 1658 spetiem

366 1682 430 1751 est,
445 1673 615 1757 cupiditas
631 1673 746 1757 gloriae
761 1674 975 1752 extendetur,
988 1677 1206 1761 meximeque
1220 1683 1325 1760 pars?
1347 1674 1425 1758 ejus
1434 1676 1472 1739 in

366 1777 561 1842 memoriam
584 1796 626 1841 ac
652 1776 884 1861 posteritatem
909 1779 1120 1861 promineat!
1158 1777 1319 1844 Maximo
1345 1776 1471 1861 cuique

365 1875 406 1951 id,
417 1878 569 1943 accidere
589 1876 702 1941 animo
719 1884 846 1945 certum
861 1878 983 1958 habco,
996 1885 1035 1945 ut
1056 1900 1096 1945 se
1117 1900 1185 1945 non
1205 1898 1282 1945 cum
1297 1878 1472 1964 proesenti-

365 1980 432 2046 bus
460 1980 575 2058 modo,
601 1978 661 2045 sed
686 1999 762 2045 cum
785 1982 895 2047 omnis
920 1982 985 2048 ueri
1012 1982 1112 2048 claris
1137 1983 1233 2062 viris,
1251 1987 1471 2064 compererit.3

367 2081 533 2166 Equidem
548 2080 639 2177 haud
651 2081 843 2163 dissimulo,
857 2105 910 2149 me
923 2093 1012 2164 tues,
1027 2084 1073 2164 Q.
1088 2084 1187 2167 Fabi,
1196 2084 1318 2150 laudes
1332 2100 1401 2147 non
1415 2101 1473 2147 as·

367 2184 464 2269 sequi
479 2186 587 2251 sulum
602 2185 700 2264 velle,
713 2184 903 2271 sed,(bone
914 2188 1012 2253 venia
1025 2190 1086 2253 tue
1099 2183 1274 2270 dixerim‚)
1284 2186 1314 2249 si
1325 2184 1471 2269 possim,

367 2288 468 2359 etiem
483 2306 698 2373 exsuperare.
744 2288 836 2354 Illud
849 2309 912 2355 nec
926 2290 990 2356 tibi
1003 2291 1040 2356 in
1058 2308 1125 2372 me,
1139 2308 1205 2357 nen
1219 2288 1299 2355 mihi
1314 2286 1350 2353 in
1363 2286 1469 2352 mino·

399 2460 413 2494 i
428 2452 525 2516 Spectet
534 2468 563 2503 uc
572 2454 728 2519 puniamur
738 2456 770 2506 od
775 2454 865 2517 fuera
874 2458 973 2509 nuic.

831 2620 1009 2642 ”nouenae

368 2731 435 2785 Mer.
446 2737 506 2796 port
517 2747 587 2796 quare
597 2729 720 2788 inculcari
738 2737 800 2800 quod
817 2749 833 2784 ι
849 2734 971 2801 quiburd.
1004 2735 1110 2787 ‘Verba
1119 2733 1315 2796 mmeritis,
1325 2749 1358 2784 ee
1371 2734 1409 2784 rei
1423 2747 1473 2797 pe·

368 2797 482 2846 rentireri
493 2797 602 2860 ineioei;
619 2798 683 2848 eiise
692 2801 735 2853 eet
747 2815 795 2865 pro
804 2817 837 2851 err
848 2801 1013 2851 scribendum
1022 2800 1142 2852 viderur:
1158 2800 1324 2861 Durine-i
1338 2800 1401 2849 Put.
1409 2799 1471 2850 Pet.

368 2862 442 2910 Men·
453 2863 527 2912 Vere.
538 2871 630 2914 carent
640 2866 744 2928 reisque
753 2881 799 2917 me.
833 2867 911 2929 Conj.
922 2865 1003 2916 (iren.
1014 2881 1059 2930 qao
1069 2872 1093 2916 et
1104 2881 1142 2916 ere
1151 2865 1257 2915 ruite-2
1273 2863 1317 2913 Ab
1327 2863 1417 2927 Sigon.
1429 2871 1473 2914 eet

367 2925 501 2978 emto.
531 2929 599 2978 Nero
608 2929 684 2980 editt.
696 2937 757 2980 ente
769 2943 839 2995 enm,
847 2937 876 2981 et
884 2945 973 2982 omnes
981 2931 1053 2982 Gaii.
1064 2933 1141 2981 Voce.
1151 2929 1211 2981 Pei.
1221 2937 1314 2979 cereot
1322 2942 1354 2978 ee
1364 2942 1472 2978 rece.-

368 2991 712 3060 8‘Vn13.iect.eourporei;
728 2993 774 3046 aed
786 2997 883 3061 saepius
899 2996 934 3058 τᾷ
944 2996 1042 3061 quiaque
1057 2996 1165 3061 pluralia
1177 2995 1255 3060 jungi
1265 2993 1472 3045 Μαθὼν.-

865 3149 974 3203 ΝΟῚῈ

401 3266 412 3292 ¹¹
431 3259 484 3315 0¹⁴0
499 3273 537 3309 m
547 3275 636 3326 quoquo
645 3262 694 3314 niti
704 3277 751 3313 nort
766 3263 901 3329 dirum]
940 3265 1008 3328 piem
1019 3263 1165 3327 adscivere,
1176 3261 1321 3322 excutiere,
1332 3260 1474 3325 r’oeqrritter

370 3336 449 3392 raro
461 3337 565 3402 neno:
584 3339 678 3392 rostro
696 3342 900 3406 omnum
938 3342 1076 3405 caum
1091 3339 1162 3390 rw
1179 3339 1277 3401 sege,
1292 3337 1472 3402 omaus

367 3415 506 3466 emmau:
531 3415 614 3468 Grun.
633 3419 740 3478 meruit,
756 3435 802 3485 quo
819 3426 845 3471 ei
862 3437 901 3473 au
931 3416 1313 3484 joqu’uteetrtetemtea:
1329 3414 1473 3480 aliquande

367 3491 471 3541 sitim
486 3491 618 3544 dissimulo.
651 3493 899 3562 Idemubiqueren·
938 3493 1069 3558 significet
1092 3491 1161 3558 qnod
1181 3505 1230 3540 noe
1251 3489 1370 3553 dicimur,
1395 3492 1473 3540 nne

368 3582 432 3618 eur:
457 3566 586 3630 significet
604 3569 674 3620 enirn
690 3571 780 3636 Scipio
799 3573 900 3624 utravis
939 3568 1070 3636 desciret.
1103 3566 1147 3617 Ite
1168 3565 1224 3617 cie.
1237 3579 1285 3629 pre
1307 3565 1393 3615 Domo
1414 3580 1472 3624 ena,

369 3644 465 3710 pirrui,
476 3643 610 3695 reedenm
622 3647 712 3709 giorire
722 3647 830 3713 gradum
838 3663 900 3700 eon·
939 3644 1079 3711 ‘equidem
1090 3643 1146 3709 iem
1164 3639 1318 3707 perfunctae
1334 3653 1402 3703 eum,
1415 3641 1473 3704 jem

369 3720 480 3771 tendere
491 3728 569 3787 etque
581 3723 654 3786 eniti,
665 3732 694 3775 ot
705 3739 756 3775 non
768 3725 899 3776 minuera-
939 3723 1047 3788 impleri
1055 3722 1153 3773 animur
1162 3715 1389 3770 invidorumr’abi
1397 3717 1406 3747 ‘
1412 3731 1473 3783 per-

370 3813 419 3862 pra
437 3798 552 3864 reliquos
570 3800 692 3860 exceliat,
710 3816 785 3867 quem
805 3803 839 3855 Q.
852 3804 899 3853 Fr·
939 3800 1045 3852 iunctm
1055 3797 1130 3863 eam:
1138 3790 1260 3860 intellige
1278 3795 1403 3859 periculo.
1435 3795 1474 3847 Et

369 3873 437 3923 biae.
939 3893 988 3945 pre
999 3879 1099 3928 cluent.
1119 3870 1263 3937 ‘autquod
1281 3885 1309 3921 se
1320 3869 1475 3936 perfunctos

400 3957 414 3984 ⁰
430 3949 586 4013 Pessum
593 3951 730 4018 monto]
748 3955 900 4006 Nomenio·
936 3957 993 4022 jem
1004 3968 1062 4005 esre
1078 3952 1249 4013 erbitrantnr,
1259 3963 1318 3999 cum
1332 3948 1368 3998 de
1379 3949 1473 4014 neoju-

369 4027 468 4078 rruridrrr
483 4027 690 4080 desidereturin
707 4029 840 4096 plerisque
854 4047 900 4096 cp·
941 4029 1082 4084 dicarant!

371 4105 442 4155 timia
461 4104 671 4168 exemplaribus:
696 4107 902 4171 eutioteiitqttor
973 4107 1159 4171 cnut-oque
1173 4102 1242 4170 pert]
1258 4103 1363 4168 Repete
1380 4117 1413 4153 ⁸1
1430 4118 1474 4153 ¹¹¹·

371 4187 459 4233 tamen
471 4195 565 4232 nornen
582 4181 695 4247 aliquod,
712 4184 793 4235 reiuti
806 4183 901 4244 officio,
942 4185 1038 4252 periuri
1049 4183 1180 4245 membro;
1196 4188 1242 4232 ‘et
1256 4179 1330 4246 queri
1340 4193 1391 4231 aen
1400 4195 1474 4232 mu·

371 4259 432 4315 rita,
449 4267 495 4308 ant
506 4258 568 4324 quid
581 4259 673 4311 simite.
707 4260 756 4311 Eut
768 4262 836 4312 enim
844 4279 901 4327 per·
941 4263 993 4314 ima
1003 4276 1062 4328 pare
1074 4258 1149 4326 ejue,'
1159 4270 1254 4324 nempe
1266 4255 1366 4322 glorie.

364 4332 450 4397 Μί,
460 4349 551 4386 munus
564 4334 683 4402 impiere,
691 4343 736 4389 aut
747 4338 815 4390 eliud
827 4340 901 4406 quip-
