3259 5225
389 520 477 589 2474
836 542 871 588 r.
897 540 991 588 urvrr

388 700 489 767 quarn
503 686 580 752 aule
595 680 746 749 anditum
762 689 846 762 erat,
860 684 1034 767 imperinm
1044 703 1177 752 mecum
1186 692 1383 771 aquamlnr.
1415 687 1490 755 Re·

330 810 333 815 ·
388 788 467 862 bus,
489 806 592 871 quam
611 788 733 865 verbis,
753 788 894 871 assequi
911 787 1028 864 malui,
1045 795 1091 866 nt,
1110 790 1170 872 qui
1193 790 1335 855 aliorum
1351 790 1488 873 judicio

387 892 468 955 mibi
488 898 701 973 comparatus
723 895 803 967 eral,
823 910 888 954 aua
907 910 989 953 mox
1008 890 1219 957 confessione
1239 913 1294 957 me
1314 894 1383 959 albi
1399 914 1489 978 praa·

386 994 501 1059 serrelt
522 992 663 1058 neduml
679 1012 755 1074 ego,
773 992 971 1076 perfunctus
990 992 1183 1072 honoribus,
1203 996 1386 1061 certamina
1402 996 1490 1061 rnihi

386 1104 490 1182 alque
513 1094 745 1162 aemulationes
770 1115 849 1160 cnm
874 1085 1087 1163 adolescente
1107 1096 1342 1163 florentissimo
1360 1116 1488 1182 propo-

385 1220 484 1279 nam3
508 1197 718 1267 videlicelut
731 1198 824 1285 mihi,
834 1197 907 1283 jam
919 1198 1090 1277 virendo,⁸
1109 1218 1176 1265 non
1189 1200 1298 1266 nolum
1311 1202 1414 1267 rebus
1426 1222 1487 1284 ge-

385 1302 497 1369 rendis
517 1302 620 1379 ienae,
635 1302 666 1366 si
686 1302 765 1368 huic
784 1308 910 1385 negata
922 1300 1035 1381 inerit,
1050 1301 1167 1368 Africa
1182 1302 1359 1388 provincia
1371 1302 1484 1368 decer·

384 1408 491 1469 nalnr.
546 1402 634 1469 Cum
658 1422 700 1469 ea
726 1403 843 1485 gloria,
865 1423 944 1488 quta
966 1414 1064 1487 parta
1086 1412 1151 1484 eet,
1175 1404 1357 1470 vivendum
1378 1413 1487 1489 atque

384 1505 594 1572 moriendum
614 1514 678 1572 est.
722 1505 867 1572 Vincere
886 1526 949 1588 ego
969 1506 1126 1589 prohibui
1146 1506 1385 1585 Hannibalem,
1398 1511 1438 1571 nt
1462 1528 1487 1573 a

383 1610 496 1687 robis,
512 1628 654 1694 qnorum
670 1609 783 1691 rigent
797 1626 886 1671 nunc
900 1608 1002 1684 vires,
1016 1607 1120 1673 etiarn
1134 1608 1224 1673 vinci
1239 1613 1367 1692 posset

425 1710 482 1775 41.
503 1710 596 1777 Illud
612 1719 646 1776 le
668 1710 749 1775 mibi
771 1711 953 1792 ignoscere,
978 1708 1016 1773 P.
1037 1709 1185 1787 Comeli,
1201 1730 1336 1794 aequum
1350 1710 1425 1788 erit,
1439 1712 1486 1790 si,

383 1834 460 1879 cum
475 1814 509 1879 in
523 1834 577 1879 me
590 1813 668 1898 ipso
678 1812 850 1897 nunquam
859 1812 964 1896 pluris
975 1810 1287 1891 lamamhorninnnr,
1298 1832 1402 1896 quana
1413 1832 1484 1878 rena

383 1916 566 2001 publicam,
585 1915 733 1994 fecerim,
756 1936 796 1979 ne
814 1924 905 1980 luam
920 1914 1056 2001 quidem
1072 1916 1210 1998 gloriam
1224 1916 1329 2001 [bono
1341 1916 1490 1999 publico·

382 2038 589 2104 praeponam.
600 2014 627 2099 ³']
680 2018 892 2103 Quanquam,
911 2019 942 2083 si
961 2025 1021 2084 aut
1034 2018 1161 2084 bellum
1175 2019 1305 2083 nullum
1318 2018 1353 2083 in
1368 2016 1485 2098 Italia,

383 2128 443 2187 aut
456 2122 488 2186 is
502 2122 611 2187 bostis
630 2128 734 2199 esset,
759 2142 804 2185 ex
828 2142 894 2205 quo
918 2122 1008 2186 vicio
1028 2121 1109 2187 nibil
1129 2122 1247 2203 gloriae
1268 2128 1484 2205 quaereretur,

382 2224 442 2308 qui
457 2229 491 2289 le
503 2224 537 2288 in
554 2222 651 2289 ltalia
666 2225 832 2300 retineret,
846 2223 911 2288 elai
924 2223 960 2290 id
974 2225 1064 2288 bono
1079 2224 1216 2307 publico
1230 2222 1369 2299 iaceret,
1380 2223 1484 2287 aimnl

383 2345 460 2390 cum
475 2326 566 2391 bello
582 2326 755 2391 materiam
770 2326 888 2409 gloriae
903 2332 970 2391 tuna
989 2326 1083 2391 isse⁴
1102 2336 1256 2409 ereptum
1276 2324 1383 2390 rideri
1396 2344 1482 2408 pes·

381 2436 446 2495 set.
489 2428 573 2493 Cum
596 2450 676 2495 vero
701 2429 873 2494 Hannibal
900 2430 1009 2494 hostis
1030 2428 1188 2495 incolumi
1210 2428 1363 2493 exercitu
1383 2446 1484 2511 quar·

381 2531 644 2596 lumdecimum⁵
669 2552 792 2597 anuum
814 2531 949 2597 ltaliam
972 2531 1143 2609 obsideat,
1165 2530 1350 2615 poenitebit
1370 2538 1416 2608 te,
1438 2528 1483 2593 P.

382 2634 526 2715 Corneli,
542 2637 659 2718 gloriae
680 2641 761 2714 tuoe,
783 2638 811 2700 ei
834 2637 962 2702 hostem
983 2628 1072 2713 cunr,
1094 2637 1153 2718 qui
1175 2641 1229 2698 tot
1249 2634 1413 2710 funerum,
1428 2639 1484 2698 tol

380 2739 528 2803 cladium
554 2739 654 2802 nobis
678 2756 784 2806 causa
805 2739 881 2816 fuit,
903 2744 936 2803 tu
959 2737 1079 2803 consul
1104 2736 1207 2802 Italia
1231 2737 1415 2820 expuleris,
1432 2745 1482 2813 el,

379 2842 468 2906 sicul
497 2859 606 2925 penes
631 2839 672 2906 G.
696 2839 892 2908 Lutatium·
918 2840 1041 2924 prioris
1064 2838 1186 2903 Punici
1202 2839 1384 2921 perpetrati
1399 2837 1487 2902 belli·

378 2943 494 3008 lilnlne
514 2943 589 3021 luit,
611 2944 661 3008 ila
685 2963 790 3028 penes
813 2951 847 3010 te
867 2943 969 3027 hujus
991 2941 1109 3022 fueriti
1132 2940 1196 3004 nisi
1219 2948 1280 3004 aut
1303 2939 1483 3004 Hamilcar

379 3045 566 3111 Hannibali
582 3046 654 3112 dux
668 3052 721 3111 est
736 3042 992 3130 proelemndua,¹’
1008 3051 1068 3108 aut
1081 3042 1164 3108 illud
1181 3043 1302 3108 bellurn
1317 3041 1407 3119 huic,
1421 3050 1486 3112 aul

411 3296 426 3342 8
444 3292 531 3342 ‘Bono
540 3292 633 3356 publico
641 3307 790 3356 proeponam:
809 3291 890 3342 rerha
899 3291 956 3342 hac
967 3292 1063 3343 abeunt
1073 3292 1106 3342 ab
1116 3291 1221 3356 optimia
1233 3291 1298 3341 Mra.
1310 3291 1384 3356 proh.
1395 3293 1482 3343 (iren.

377 3363 407 3407 nl
417 3372 465 3420 per
476 3357 639 3417 ἀποσιόησιν
656 3358 828 3422 intelligatur,
846 3358 928 3420 pluria
943 3372 1019 3421 quarn
1037 3372 1119 3423 remp.
1136 3355 1250 3408 faciam.⁹
1267 3358 1422 3423 Rapere-4
1437 3359 1482 3408 ire

347 3435 350 3441 ·
378 3438 426 3488 pro
437 3422 553 3474 irreedd.
565 3423 767 3474 abialbon-⁵
785 3422 1030 3488 Decimqaarlaar
1040 3425 1139 3488 vulgat.
1152 3432 1215 3473 anta
1224 3423 1314 3487 Sigon.
1324 3425 1387 3473 laci.
1414 3423 1482 3474 Mox

833 3548 837 3555 ¹
876 3534 987 3586 ΝΟΜ

409 3641 421 3677 5
439 3633 546 3700 Nedum]
570 3631 638 3685 Gall.
651 3633 716 3684 Bina
725 3635 846 3698 binim
856 3631 908 3686 εἰη
947 3633 979 3684 lia
990 3641 1067 3698 paler
1078 3635 1210 3686 abutalio
1227 3634 1321 3694 victur,
1336 3647 1385 3698 per
1401 3633 1481 3687 dalea

370 3709 428 3770 sual
439 3725 492 3774 que.
947 3711 981 3759 ab
999 3711 1049 3760 hoc
1059 3711 1133 3776 pacit
1149 3711 1222 3775 leger
1238 3710 1388 3774 praaidium
1400 3711 1484 3763 Puni·

407 3794 418 3821 ¹
433 3784 610 3850 samaraeum]
626 3783 696 3835 Gall.
707 3786 740 3836 δι
749 3786 909 3844 cablaam
946 3801 1005 3837 cum
1017 3787 1104 3852 Eryce
1114 3786 1260 3838 deduxerat
1269 3800 1350 3849 repra
1360 3786 1407 3837 lib.
1418 3799 1481 3839 ιιι.

374 3864 500 3912 reabmerl
519 3863 594 3913 d’ilre
610 3864 670 3912 uam
688 3863 837 3928 leremploir,
847 3865 907 3915 aruir
946 3878 1005 3928 cap.
1019 3868 1058 3914 lo.
1081 3863 1134 3914 Seri
1143 3863 1204 3928 quid
1216 3863 1265 3912 hoc
1276 3861 1309 3911 ad
1318 3863 1482 3930 Scipionem,

374 3939 581 3988 encoredeainre.
946 3939 999 4003 cui,
1016 3941 1038 3989 ri
1060 3939 1193 3990 Hannibal
1211 3939 1334 3989 initalia
1353 3949 1481 4003 nranarat,

406 4021 419 4048 ⁸
435 4014 514 4063 Pemr
537 4015 566 4065 C.
587 4013 723 4078 Lutatium]
749 4015 853 4078 Repete
870 4030 905 4066 ex
945 4029 999 4067 nnn
1017 4015 1142 4067 adveranr
1160 4016 1345 4079 Hamilcarem,
1365 4015 1414 4064 red
1432 4016 1478 4066 ad·

375 4089 448 4151 Epit.
462 4093 500 4140 19.
516 4089 632 4140 videndi
650 4101 677 4139 el
697 4089 788 4155 Polyb.
799 4091 846 4141 lib.
859 4105 904 4143 ιιι.
944 4107 1036 4144 rerrnr
1047 4092 1239 4144 Haadrubalenr
1255 4092 1378 4158 Gisgonis
1388 4091 1480 4143 solnta

374 4165 556 4217 Flor.rluclor
574 4167 607 4216 tle
625 4167 694 4217 Virir
712 4168 805 4218 illurlr.
824 4168 904 4221 Corn.
944 4183 986 4218 rea
999 4171 1076 4220 erat?
1093 4169 1241 4221 Praefertur
1254 4171 1324 4234 patri
1335 4169 1478 4228 Hannibal,

374 4241 466 4307 Nepae
479 4244 504 4292 in
519 4244 679 4294 Hamilcare.
944 4253 974 4296 ut
986 4247 1085 4312 Scipio,
1102 4248 1125 4297 ri
1139 4247 1207 4300 hunc
1225 4249 1323 4313 rincal,
1332 4248 1414 4313 major
1425 4247 1477 4297 lur-

406 4317 418 4352 b
436 4319 494 4368 Nisi
508 4325 550 4370 aul
568 4319 694 4370 llamlcar
712 4313 905 4371 llamilrlloaa
947 4325 1011 4374 ialin
1023 4323 1155 4376 rideatur.

374 4399 410 4444 erl
423 4395 598 4459 preferendae]
620 4395 755 4448 Hamilcar
774 4397 906 4448 Hanniba·
