3259 5225
415 542 504 613 2458
883 560 919 609 n·
945 556 1042 607 niun

369 788 374 797 ἱ
416 728 489 787 ves,
505 713 564 773 ent
579 706 691 773 secius
705 702 886 790 Latinique
898 704 1043 770 neminie
1057 700 1183 782 videet,
1204 703 1306 769 etiem
1319 722 1362 769 eo
1376 706 1521 785 mereri,

416 809 510 895 qnod
531 830 628 875 nemo
650 828 728 874 vere
751 808 797 875 sit
818 808 926 886 miles,
949 807 1009 892 qui
1034 824 1099 871 non
1118 812 1178 871 uut
1197 825 1220 871 a
1237 811 1358 890 patruo
1376 828 1439 873 suo
1454 807 1522 875 Gn.

417 914 586 999 Scipione,
602 912 660 997 qui
676 913 803 997 primus
827 910 975 975 Romani
997 910 1141 975 neminis
1162 909 1199 973 iu
1220 928 1295 974 eenr
1310 910 1522 994 provinciam

416 1016 553 1094 luenerit,
568 1024 661 1081 ente
675 1020 771 1099 petre
787 1014 938 1091 consule,
954 1020 1013 1078 aut
1025 1032 1047 1078 a
1057 1030 1094 1076 se
1107 1011 1153 1075 sit
1166 1031 1213 1075 ex
1227 1010 1331 1077 Italia
1340 1012 1521 1079 advectus.

395 1192 401 1205 ¹
417 1117 747 1202 Scipionumnomirri
757 1116 992 1201 auspiciisque
1002 1124 1522 1199 emnesessuetos,qnusseeum

418 1220 454 1285 in
476 1221 618 1304 petriam
641 1221 685 1286 ed
707 1220 860 1284 meritum
884 1220 1085 1304 triumphurn
1108 1218 1277 1283 deducere
1302 1219 1404 1299 relit3
1431 1238 1522 1303 quos

417 1322 632 1387 consulatum
647 1322 785 1405 petenti,
800 1322 891 1387 velut
905 1322 937 1385 si
951 1322 1099 1387 omnium
1117 1320 1308 1386 eommunis
1323 1328 1444 1402 egetur
1461 1320 1522 1385 lne-

417 1442 494 1503 uos,
510 1422 669 1489 affuturos
683 1429 805 1508 speret.
820 1422 924 1503 Quod
935 1424 980 1489 ed
990 1426 1261 1510 expeditionem⁵
1275 1424 1429 1505 attinent,
1439 1442 1521 1509 qum

417 1526 530 1605 instet,
551 1528 780 1592 immemorem
802 1546 880 1591 esse
903 1545 1013 1591 rerum
1035 1546 1172 1593 suerum
1194 1532 1376 1607 gesturum,
1397 1528 1459 1609 qui
1483 1526 1522 1591 id

418 1630 543 1695 bellum
569 1629 697 1695 ducet!
729 1628 902 1711 -Mugenis
932 1628 1084 1694 Hercule
1107 1630 1185 1701 sibi,
1203 1630 1262 1714 qui
1285 1635 1384 1694 extre
1406 1630 1521 1696 orbem

418 1737 578 1797 terrerum
594 1732 630 1796 in
644 1730 882 1797 circumfusam
898 1751 1029 1797 oceano
1050 1732 1289 1798 insulamoum
1304 1734 1425 1816 paneis
1440 1752 1520 1817 per·

418 1835 540 1919 ingerit
569 1836 726 1915 neribus,
756 1834 918 1919 majorem
947 1856 1059 1901 eurem
1082 1855 1168 1915 esse,
1198 1856 1301 1922 quem
1325 1835 1521 1919 Ilergetum.

419 1935 558 2021 Quippe
579 1938 651 2002 illic
672 1946 708 2001 et
728 1936 851 2003 ducem
873 1937 1192 2021 Carthaginiensem,
1206 1946 1243 2003 et
1264 1946 1521 2023 quantumcum-

417 2060 485 2123 que
502 2040 893 2124 Punicumproesidium
917 2060 1011 2122 esse3
1033 2041 1089 2105 liic
1116 2040 1262 2105 latrones
1290 2042 1523 2125 latronumque

419 2142 546 2206 duces:
568 2143 694 2226 quibus
712 2150 747 2209 ut
767 2144 809 2208 ed
830 2146 1046 2228 populandos
1064 2144 1279 2209 finitimorum
1297 2162 1397 2226 egros
1411 2153 1523 2210 tecta·

418 2262 487 2327 qne
502 2244 625 2309 urende
642 2253 678 2309 et
692 2245 853 2329 rapienda
868 2266 990 2329 pecore
1005 2246 1122 2331 alique
1137 2246 1191 2310 vis
1206 2247 1261 2323 sit,
1275 2246 1327 2310 ite
1340 2247 1375 2310 iu
1387 2247 1465 2312 acie
1479 2266 1528 2312 ee

419 2347 526 2429 signis
550 2346 684 2412 collutis
703 2348 829 2412 nullam
851 2356 958 2413 esse.¹¹
1003 2348 1117 2427 Magis
1138 2348 1319 2413 velocitate
1337 2348 1380 2412 nd
1393 2348 1523 2432 sugere,

419 2468 523 2534 quarn
539 2450 641 2515 ermis
656 2450 771 2527 fretos,
784 2460 991 2536 pugnaturos
1003 2471 1095 2516 esse.
1138 2449 1258 2535 ltaque
1273 2468 1353 2526 uon,
1364 2452 1456 2535 quod
1471 2452 1522 2515 ul·

421 2552 492 2617 lum
516 2552 593 2619 iude
612 2552 810 2636 periculum,
834 2562 894 2621 eut
911 2572 1025 2619 semen
1045 2552 1186 2637 majoris
1203 2552 1286 2618 belli
1301 2552 1427 2632 videat,
1441 2553 1523 2620 ideu

416 2675 468 2732 se,
487 2657 581 2740 prius
599 2675 703 2740 quenr
726 2656 903 2740 provincie
927 2654 1080 2733 decedat,
1097 2655 1337 2739 opprimendos
1360 2654 1523 2739 Ilergetes

423 2758 583 2838 duxisse;
606 2757 667 2822 sed
693 2761 850 2843 primum,
872 2779 915 2822 ne
936 2758 1188 2843 impunitatem
1203 2757 1524 2825 sceleratedeiectio

422 2869 532 2942 esset3
554 2859 685 2938 deinde,
707 2881 749 2926 ne
772 2862 848 2947 quis
869 2862 903 2926 in
925 2861 1112 2945 provincie,
1133 2861 1232 2926 simul
1248 2861 1367 2926 virtute
1382 2867 1526 2927 tuutnet

421 2963 582 3028 felicitate
597 2961 797 3046 perdomita,
813 2963 951 3028 relictus
971 2963 1082 3028 hostis
1101 2961 1169 3028 diei
1187 2971 1330 3048 posset!
1375 2963 1534 3029 Proinde.

424 3067 509 3130 Deis
524 3066 610 3130 hene
626 3065 823 3148 juventibus
843 3073 1069 3150 sequerentur,
1092 3084 1158 3130 nnn
1178 3072 1249 3131 tem
1264 3065 1524 3150 edhellumge·

423 3167 570 3247 rendum,
587 3166 713 3253 (neque
727 3167 814 3232 enirn
831 3188 909 3233 curn
924 3169 998 3250 puri
1010 3167 1107 3231 hoste
1121 3173 1288 3232 eertumen
1302 3171 1407 3248 esse,)
1420 3188 1525 3253 quem

424 3270 467 3336 sd
483 3271 694 3354 expetendas
710 3272 754 3335 eb
768 3263 956 3335 homiuibus
972 3269 1130 3337 scelestis
1150 3267 1294 3353 peenas!

467 3372 522 3438 33.
544 3371 601 3437 Ab
620 3373 684 3437 hee
699 3375 876 3438 oratione‘
898 3374 1056 3439 dimissos
1075 3372 1120 3438 nd
1132 3375 1196 3439 iter
1213 3393 1252 3438 se
1274 3389 1473 3457 comparere
1488 3376 1525 3440 iu

458 3579 470 3614 ὅ
487 3582 557 3638 Quod
566 3584 652 3634 attinet
663 3585 694 3634 ad
711 3583 885 3648 expeditionem
894 3589 1025 3649 κηρία
1035 3584 1062 3634 is
1077 3585 1235 3637 Marem
1245 3593 1269 3638 et
1280 3587 1418 3649 Indibilem,
1433 3591 1458 3640 ei
1473 3590 1528 3654 quie

414 3647 596 3720 enuntient
606 3665 649 3713 pre
659 3649 727 3710 belle,
738 3651 788 3700 eiee
798 3650 880 3712 siquis
890 3651 1065 3699 mtimudt
1148 3652 1154 3662 “
1175 3667 1226 3702 en
1237 3655 1323 3703 tellum
1332 3669 1382 3704 erre
1393 3655 1527 3712 mn,

425 3711 492 3760 illem
502 3715 599 3764 ellitum
610 3730 660 3764 esre
671 3719 777 3777 opertere
787 3729 877 3773 rerem,
887 3729 946 3779 qens
954 3717 1004 3777 ipre
1012 3715 1039 3764 iu
1077 3716 1170 3778 werria
1179 3709 1289 3780 g'eeeerit.

457 3785 468 3809 ‘
478 3777 517 3828 Ne
526 3779 574 3828 dici
583 3781 656 3843 puerit
667 3779 757 3829 instem
768 3781 841 3830 nilum
856 3783 966 3830 relietum
976 3795 1026 3830 erre
1037 3780 1063 3828 irr
1078 3783 1212 3846 preinde,
1221 3799 1292 3848 quaer
1301 3789 1369 3834 uerte
1377 3785 1528 3844 fertitudine

425 3845 539 3906 laeteque
556 3847 646 3906 puriter
656 3845 775 3906 illicitute
786 3847 835 3906 ipre
843 3847 1011 3906 peremerit.

457 3905 470 3939 ⁶
487 3909 547 3960 Pert
557 3910 618 3963 terre
626 3925 753 3961 mmeeeer
763 3912 794 3959 ud
805 3910 892 3960 mitten
901 3910 1017 3961 leiim.

425 4136 532 4254 Xplget.
544 4137 626 4205 nntiq.
638 4138 699 4188 leet.
705 4137 783 4204 fidem
794 4144 865 4202 utque
873 4139 1061 4190 miculam-⁶
1079 4137 1151 4190 Olim
1160 4139 1297 4206 legebutnr
1310 4145 1343 4194 ed
1351 4145 1529 4209 matine-

921 4315 1030 4369 Nom

776 4411 793 4450 Ἰ
813 4415 910 4466 Nullum
921 4417 980 4480 esee]
997 4416 1100 4481 Nempe
1113 4416 1173 4468 rim.
