3259 5225
462 583 537 633 nin.
560 583 708 632 xxviii.
731 583 814 633 ors.
836 570 870 632 4.
1126 567 1215 634 2895
1291 540 1295 546 ⁷

115 747 238 794 auson
253 727 433 813 Hispanus
447 735 549 808 esset,
563 727 655 794 obvii
670 729 797 814 passim
813 727 1030 794 cuderentur.
1080 727 1213 814 Itaque,

116 831 291 914 patefacta
304 837 438 916 repente
453 841 561 914 porta,
575 830 762 916 frequentes
785 851 831 896 ex
851 829 982 915 oppido
1003 850 1081 897 sose
1103 833 1215 918 ejece·

115 941 202 1012 runt,
217 942 316 1001 sunta
333 953 405 1019 prae
423 955 462 999 se
481 941 645 1013 tenentes,
667 954 711 999 ne
732 937 799 1000 tela
820 935 939 1019 procul
953 934 1212 1020 conjicerentnr3

115 1036 256 1102 dextras
269 1035 380 1103 nudus
400 1041 614 1114 ostentantes,
637 1046 675 1101 ut
692 1036 820 1120 gladios
842 1036 1011 1119 abjecisse
1024 1045 1215 1121 appareret.
1255 1068 1258 1080 ·

116 1137 161 1202 Id
177 1145 287 1204 utrum
301 1159 418 1224 pamm
434 1157 479 1203 ex
491 1139 663 1206 intervallo
679 1141 725 1203 sit
738 1152 966 1222 conspectum,
980 1157 1024 1202 an
1039 1139 1139 1204 dolus
1152 1139 1216 1203 ali·

116 1241 197 1322 quis
212 1247 392 1324 suspectus
406 1241 514 1320 suerit,
530 1241 776 1325 incompertum
792 1248 860 1306 est.
904 1240 1062 1324 Impetus
1081 1240 1217 1306 hostilis

115 1345 154 1406 in
170 1344 357 1427 umsiugas
372 1344 501 1426 santus3
517 1363 579 1410 neo
595 1363 707 1421 senus,
729 1362 829 1427 quam
844 1345 989 1409 adversa
1002 1345 1107 1422 acies,
1121 1346 1216 1410 oaesi.

117 1445 312 1530 Eademque
326 1455 426 1532 'porta
440 1448 538 1530 signa
552 1447 677 1514 infesta
690 1447 725 1511 in
742 1448 857 1512 urbem
870 1447 982 1526 iliata3
1000 1453 1035 1512 et
1049 1447 1124 1512 aliis
1140 1467 1217 1530 par·

115 1549 210 1612 tihus
221 1549 394 1614 securibus
404 1549 621 1634 dolabrisque
632 1549 848 1615 caedebantur
860 1552 913 1633 [et
921 1546 1218 1634 refringebantur⁶1

115 1657 237 1734 portae,
251 1659 297 1729 et,
315 1657 354 1716 ut
373 1653 514 1736 quisque
534 1654 713 1718 intraverat
728 1673 846 1737 eques,
866 1652 909 1718 ad
923 1653 1032 1718 sorum
1047 1671 1217 1738 occupan-

116 1753 199 1817 dum
213 1750 278 1840 (ita
292 1755 377 1819 enim
391 1761 600 1838 preceptum
615 1753 700 1838 erat)
714 1755 818 1821 citato
834 1773 923 1839 equo
938 1756 1109 1839 pergebat.
1146 1753 1217 1818 Ad·

117 1855 227 1920 ditum
242 1863 315 1920 erat
328 1863 364 1920 et
377 1856 562 1922 triariorum
582 1857 687 1941 equiti
701 1855 907 1940 praesidium.
960 1857 1150 1942 legionarii
1164 1876 1218 1921 oe·

117 1963 208 2022 teras
222 1965 360 2042 partes⁷
372 1957 577 2044 pervadunt:
594 1958 781 2042 direptione
792 1968 827 2025 et
840 1958 938 2025 oaede
952 1957 1138 2036 obviorum,
1149 1957 1218 2024 nisi

117 2059 181 2144 qni
196 2062 297 2126 armis
311 2080 348 2126 so
362 2061 551 2140 tuebantur,
565 2061 817 2128 abstinuerunt.⁸
840 2061 1134 2146 Carthaginienses
1145 2082 1219 2127 om·

116 2165 231 2230 nesio
246 2165 435 2230 custodiam
451 2163 522 2229 dati
539 2172 635 2230 sunt:
662 2165 912 2250 oppidanorum
926 2184 1066 2250 qnoque
1080 2165 1219 2230 trecenti

115 2265 232 2343 ferme,
247 2266 307 2350 qui
325 2267 517 2334 clauserant
534 2273 662 2351 portas.
717 2266 849 2332 Ceteris
867 2268 1021 2334 traditum
1040 2267 1218 2353 oppidum,

117 2387 194 2434 sure
220 2368 358 2435 redditae
389 2389 455 2436 res.
498 2369 660 2437 Cecidere
685 2369 721 2434 in
750 2369 844 2434 urbis
868 2369 947 2454 ejus
969 2371 1219 2454 oppugnatione

116 2471 270 2538 hostium
298 2472 367 2538 duo
394 2473 502 2540 millia
524 2472 649 2555 terme3
682 2469 912 2538 Romanorum
932 2470 1024 2537 haud
1048 2471 1220 2555 amplius⁹

115 2576 312 2661 nonaginta.

164 2686 197 2747 4.
220 2683 319 2749 Laeta
332 2689 366 2748 et
384 2682 482 2767 ipsis,
497 2680 553 2767 qui
568 2701 638 2747 rem
652 2700 796 2764 gessere,
811 2680 903 2747 urhis
915 2678 989 2765 ejus
1008 2682 1218 2764 expugnatio

117 2783 198 2864 fuit,
214 2793 250 2851 et
263 2786 487 2871 imperatorie
508 2790 688 2867 ceteroque
701 2784 883 2865 exercitui;
903 2790 939 2847 et
951 2782 1147 2866 speciosum
1160 2784 1219 2848 ad·
1324 2838 1329 2843 ,

117 2894 260 2953 ventum
272 2906 383 2966 sunm,
392 2888 560 2972 ingentem
573 2886 707 2951 turbam
717 2886 926 2970 captivorum
941 2902 1013 2971 prae
1025 2903 1063 2949 se
1074 2892 1220 2968 agentes,

117 2990 281 3055 iecerunt.
322 2988 454 3073 Scipio,
480 2985 674 3054 collaudato
693 2988 802 3066 fratre,
824 3007 912 3065 oum,
934 2991 1060 3072 quanto
1082 2994 1222 3072 poterat

117 3092 298 3159 verborum
311 3090 452 3171 honore,
472 3090 669 3173 Carthagini
688 3090 733 3155 ah
752 3108 789 3154 sa
809 3096 944 3174 oaptauu
966 3096 1102 3174 captam
1119 3091 1162 3154 ah
1177 3110 1220 3155 eo

119 3192 259 3279 Oringin
277 3203 461 3280 aequasset,
480 3193 560 3279 quia
574 3203 609 3258 et
628 3193 745 3277 hyems
769 3191 927 3274 instabat,
951 3202 989 3259 ut
1008 3211 1071 3258 nee
1092 3198 1221 3258 tentare

119 3296 253 3379 Gades,
278 3318 344 3365 neo
370 3297 548 3382 disjectum
564 3296 693 3382 passim
715 3314 777 3379 per
798 3295 1008 3380 provinciam
1033 3296 1220 3375 exereitum

561 3474 568 3497 x
578 3458 765 3483 &mmo

119 3574 147 3609 as
158 3558 289 3621 οοΙΙίΜ.
303 3558 351 3609 ‘rh
367 3560 443 3610 hana
456 3558 544 3611 invitis
555 3559 650 3611 nosuis
661 3560 751 3611 sitavit
767 3560 863 3611 Rhea!
877 3560 905 3611 J.
917 3560 947 3611 F.
958 3561 1089 3610 Gna-u
1103 3560 1112 3589 ⁴
1125 3558 1222 3619 Verba,

120 3626 149 3675 in
161 3626 233 3675 notio
242 3622 297 3675 fare
309 3626 362 3675 hta.
374 3634 494 3687 reperta:
513 3625 582 3677 uude
592 3626 692 3677 uncinis
705 3624 814 3675 inclusi!
827 3626 978 3689 Repete?
997 3626 1068 3676 Otinr
1086 3624 1222 3689 iegeharur

118 3695 223 3741 mum
236 3694 337 3753 partera.
369 3691 515 3741 ‘Ceterum
535 3692 617 3741 codex
636 3692 750 3757 optimus
767 3691 831 3741 Pnt·
848 3690 915 3754 Reg.
930 3691 1003 3741 hien.
1024 3693 1221 3754 praecipuusque

119 3770 155 3804 ex
168 3752 234 3803 Pati.
244 3754 339 3805 hahent
355 3760 457 3805 comm
471 3755 550 3819 partis
562 3758 704 3820 pemadun.
739 3756 799 3806 Nec
816 3756 879 3805 mihi
895 3770 958 3805 rana
975 3756 1112 3805 admodum
1124 3758 1223 3819 piacet,

121 3820 179 3869 roto
197 3817 254 3868 foro
269 3820 411 3884 appellato,
423 3826 504 3870 toturn
520 3822 596 3871 atium
609 3822 698 3871 urbem
711 3819 774 3883 dict,
784 3826 885 3871 cereres
898 3818 1009 3883 perrea!
1025 3820 1052 3871 J.
1065 3820 1094 3869 F.
1106 3820 1223 3870 Gronov.

119 3888 170 3933 -8
185 3884 325 3935 ‘Rhenum
340 3892 442 3935 resecat
456 3899 547 3936 vocem
563 3886 738 3948 abstinuerint,
773 3900 812 3935 ure
828 3888 856 3935 tn
871 3884 924 3935 dua
940 3886 1119 3947 reperiebatur
1135 3894 1222 3941 antea.

120 3950 230 4067 &iraque
242 3950 367 4068 estpffihg
375 3952 402 4000 in
414 3950 477 4068 Pgt.
488 3952 561 4001 hieu.
571 3951 640 4017 Reg-
654 3952 730 4002 Vorr·
788 3952 851 4002 tiam
862 3950 958 4002 Petar.
969 3948 1134 4001 ahathaehntss
1150 3948 1178 4001 J·
1190 3950 1221 3998 F.

150 4018 256 4066 rom-ti
369 4030 423 4067 ron·
458 4031 513 4069 rer.

615 4147 725 4199 NO’l’AE

154 4249 174 4277 Ι
192 4241 388 4308 Ethaperatsri]
406 4242 654 4309 Enerapasoipio·
694 4243 912 4310 Narmouthis
934 4241 1080 4307 Hispania;
1103 4256 1223 4305 magnam

121 4318 333 4385 nhqniiratram
346 4320 653 4373 miseratadurhemex·
692 4322 761 4371 enirn
784 4319 881 4373 Atrion
904 4320 1089 4385 Carthaginem
1108 4320 1222 4371 nondum

122 4394 294 4462 pugnandam.
692 4405 810 4463 ceperat.

155 4479 168 4507 ¹
186 4472 333 4536 Carthagini
349 4473 380 4525 ah
397 4488 423 4525 ra
442 4474 530 4539 romu]
547 4474 652 4541 Nempe
