3259 5225
465 597 540 647 uta.
564 595 679 647 xxvi.
702 598 786 648 ear.
807 581 864 650 41.
1128 580 1217 650 aem

117 740 279 822 Quatunr
291 739 398 814 millia
418 739 587 806 hominnm
604 746 709 819 arant,
732 741 833 807 mixti
856 759 901 807 ex
923 742 1012 809 omni
1027 743 1219 810 colluvione

115 843 251 922 exulea
265 844 420 920 obaerati,
434 844 598 926 capitalia
620 843 698 908 ausi
712 844 876 930 plerique,
890 847 924 911 et
938 863 1014 912 cnm
1029 847 1064 911 in
1077 845 1221 913 eivitati-

118 947 186 1012 bns
202 943 297 1012 suist
316 965 357 1012 ae
374 946 769 1040 sublegibusvixaraut,
785 953 820 1013 et
833 955 1015 1033 postquam
1028 969 1088 1014 ens
1103 970 1149 1014 ex
1163 969 1220 1016 ra·

118 1049 181 1116 riis
194 1050 310 1116 causis
328 1049 462 1116 lartnnn
485 1049 614 1116 similis.
627 1051 891 1136 conglobaverat
905 1050 1147 1137 Agathyrnam,
1161 1071 1221 1138 per

119 1151 297 1218 latrocinia
311 1153 518 1237 adrapinam
533 1153 715 1218 tolerantes
730 1153 846 1218 ritem.
890 1153 971 1219 Has
992 1173 1102 1239 neque
1123 1155 1222 1219 reliu-

120 1273 223 1340 quare
241 1253 403 1322 Laevinus
423 1255 459 1320 in
478 1255 603 1335 insula,
622 1259 691 1322 tum
714 1257 860 1340 primum
880 1277 972 1324 nona
990 1277 1077 1344 paee
1091 1259 1223 1324 coales-

120 1365 233 1438 cente,
253 1359 348 1426 velut
370 1359 543 1426 materiam
562 1357 729 1424 novandis
748 1360 863 1440 rebus,
888 1362 973 1427 satis
994 1369 1102 1426 tntum
1125 1368 1220 1427 ratus

121 1467 194 1531 est:
215 1461 425 1545 eblthegiuis
439 1462 517 1528 nsrti
528 1461 628 1528 lutari
644 1468 741 1529 erant
753 1463 798 1530 ad
812 1462 1044 1548 populandum
1056 1463 1240 1530 Bruttium·

121 1583 252 1646 agrum,
265 1570 439 1630 assuetam
452 1561 642 1632 latrociniis
653 1565 887 1650 quaerentibus
894 1582 1040 1632 manum.
1062 1565 1120 1645 Et,
1132 1564 1225 1652 quod

123 1665 169 1732 ad
183 1665 337 1733 Siciliam
351 1666 483 1746 attinet,
497 1686 540 1734 en
556 1686 645 1732 annu
658 1666 861 1733 debellatum
876 1675 957 1733 ests

167 1771 225 1836 di.
248 1769 289 1836 Iu
307 1769 481 1855 Hispania
493 1768 660 1855 principio
680 1768 769 1835 reris
789 1769 833 1834 P.
856 1769 987 1856 Scipio,
1007 1771 1152 1837 naribus
1167 1769 1226 1835 de·

124 1871 262 1940 ductim
284 1872 504 1957 evocatisque
526 1870 637 1936 edicto
649 1869 873 1937 Tarraconem
889 1874 1057 1939 sociorum
1078 1871 1227 1953 auxiliis,

125 1977 271 2042 classem
287 1975 524 2060 onerariasque
539 1976 665 2042 ostium
679 1975 757 2041 inde
774 1975 866 2041 Iberi
888 1976 1035 2044 tlnmiuis
1046 1984 1161 2062 petere
1169 1975 1228 2060 jn·

124 2081 196 2144 bet.
226 2075 357 2144 liudem
371 2078 519 2166 legiones
533 2099 578 2144 ex
591 2079 747 2165 hybernis
762 2081 940 2146 convenire
954 2099 1032 2146 num
1052 2079 1227 2164 jussisset,

125 2184 204 2268 ipse
219 2203 297 2250 cum
312 2183 462 2267 quinque
476 2184 625 2249 millibus
640 2183 811 2250 saniorum
827 2184 872 2249 ab
891 2184 1080 2251 Tanaeone
1099 2181 1229 2270 pratee
1258 2170 1263 2179 ⁴

127 2295 188 2353 tus
216 2285 260 2352 ad
284 2285 472 2352 exercitum
498 2293 564 2352 est.
609 2284 688 2364 Qun
711 2304 789 2352 eum
818 2286 977 2366 venisset,
999 2285 1228 2371 alloquendos

127 2389 278 2454 maxime
298 2394 429 2455 veteres
449 2387 587 2468 milites,
610 2387 669 2473 qui
692 2389 792 2454 tantis
813 2387 1047 2472 superfuerant
1062 2387 1229 2469 cladibus,

127 2498 235 2570 ratus,
257 2491 417 2558 eoueinne
438 2491 618 2582 mundata,
638 2491 689 2556 ita
708 2490 890 2556 disseruit:
912 2490 1049 2556 ‘Nemo
1072 2498 1152 2556 aute
1175 2496 1231 2556 me

127 2616 242 2663 novus
265 2595 447 2682 imperatur
467 2593 627 2661 militibus
645 2594 719 2660 suis
739 2593 846 2679 prius,
868 2611 972 2678 quam
993 2611 1098 2679 opera
1116 2611 1232 2659 euram

128 2718 215 2765 usus
228 2702 331 2775 esset,
345 2698 471 2782 gratias
490 2716 588 2781 agere
600 2696 676 2783 jure
696 2714 738 2760 ae
758 2696 878 2761 merito
894 2696 1013 2780 potuit.
1055 2692 1117 2761 Me
1130 2695 1232 2761 rubis

128 2790 239 2885 prins,
252 2818 354 2888 quam
372 2800 582 2887 provinciam
599 2807 661 2865 ant
680 2797 969 2870 nastrauiderem,
985 2797 1149 2881 obligarit
1164 2798 1234 2863 inr-

132 2913 233 2971 tuna:
255 2904 411 2989 primum,
436 2901 527 2988 quud
552 2920 595 2968 aa
614 2904 740 2986 pietate
760 2920 840 2985 erga
858 2907 989 2985 patrem
1009 2908 1234 2986 patruumque

132 3013 269 3073 menm⁸
290 3006 390 3071 vivos
411 3011 631 3089 mortuosque
654 3004 789 3070 fuistis:
812 3002 945 3083 deinde,
964 3002 1053 3087 quod
1073 3004 1235 3069 amissam

133 3116 232 3177 tauta
248 3108 347 3176 clade
370 3108 554 3193 provinciae
580 3107 831 3191 pussessionem
853 3105 1028 3187 integram,
1047 3112 1084 3170 et
1105 3105 1235 3190 pnpnln

134 3212 294 3279 Βοιιιιιιιο
308 3216 344 3277 et
359 3209 548 3277 successori
563 3207 659 3287 mihi,
673 3208 795 3273 virtute
808 3212 921 3273 vestra
931 3206 1136 3271 obtinuistis.
1165 3204 1236 3271 Sed

135 3336 216 3383 enm
227 3314 299 3399 jam
312 3310 517 3397 benignitate
537 3312 650 3377 Deum
667 3310 701 3376 id
714 3328 872 3396 paremus
887 3313 991 3394 atque
1007 3311 1156 3393 agamus,
1170 3326 1237 3373 non

135 3425 175 3485 nt
189 3418 257 3504 ipsi
271 3434 468 3485 maneamus
483 3415 517 3481 in
539 3415 723 3500 Hispania,
739 3415 800 3481 sed
812 3434 855 3479 ne
871 3413 971 3479 Poeni
984 3419 1154 3490 maneant,
1174 3430 1237 3476 nee

138 3530 177 3591 nt
187 3540 248 3607 pru
264 3522 340 3607 ripa
362 3518 454 3585 lberi
470 3524 598 3584 stantes
613 3536 787 3584 arceamus
802 3516 977 3583 transitum
991 3512 1111 3593 bostis,
1121 3510 1154 3550 ¹*
1174 3512 1238 3585 sed

169 3732 571 3787 emmerammum.

171 3798 812 3867 *Addmdrlapurtrrrarraemmtaeioaarieiia

638 3947 747 4001 Nom

141 4062 201 4099 men
212 4048 277 4115 Grpe
292 4046 437 4113 d’Orloedr,
454 4046 480 4098 in
492 4048 560 4117 ralla
575 4048 602 4099 dl
619 4046 672 4098 De·
711 4054 739 4095 rt
749 4042 907 4108 ennjnnatlrn
922 4047 1060 4107 postquam
1071 4035 1154 4104 patria
1172 4034 1242 4102 pulrl

140 4114 219 4177 am.
710 4121 823 4173 fortuitu
831 4124 1016 4171 rennuerent.

172 4198 672 4265 ‘literarian'altatidarffllteler
743 4196 855 4259 adm
873 4200 966 4259 patrea
984 4186 1245 4257 fimum]

142 4278 175 4329 ad
189 4278 335 4343 superiora.
366 4279 463 4329 Sanane
480 4278 558 4336 euim,
570 4276 672 4345 uplnar,
710 4274 779 4326 Pala
797 4270 949 4325 Cornelium
965 4270 1112 4335 Scipionem
1131 4273 1244 4333 patrem,

142 4356 246 4407 blcert:
258 4355 305 4407 bar
313 4357 428 4407 homiues
434 4356 558 4421 capitalia
565 4354 673 4407 erimina
712 4352 822 4403 cneium
835 4355 967 4416 patrnam,
976 4348 1021 4413 qai
1036 4344 1186 4397 detectione
1203 4358 1245 4393 aa·

145 4440 302 4496 patrasset
320 4434 435 4496 sennim,
451 4438 609 4497 eotempura
621 4444 674 4496 qua
713 4432 810 4482 atarn-
831 4442 847 4479 a
866 4428 955 4477 Poenir
974 4426 1066 4477 mirere
1082 4424 1244 4489 erari‚rnpra

145 4510 172 4561 iu
182 4510 333 4562 civitatibus
344 4510 453 4578 quiaque
463 4510 516 4561 rnir
527 4508 675 4574 degebant3
713 4508 760 4560 lib.
770 4520 838 4557 xxv.
848 4516 872 4555 e.
883 4507 925 4555 tt.
936 4512 965 4555 et
973 4507 1015 4554 td.
