3259 5225
1053 376 1077 427 0
1209 368 1216 377 .

410 488 497 555 ml
876 506 912 553 r.
937 506 1029 555 ervrr
1144 542 1148 547 .

409 670 486 717 amu
509 648 560 715 ll.
572 650 725 720 Silenum
748 668 825 716 cum
845 649 964 715 decem
982 649 1071 715 baud
1085 649 1165 734 plus
1178 650 1325 717 millibus
1339 652 1507 731 mnium}

410 754 580 837 equitibus
595 753 795 837 quingentis,
808 753 913 819 misit
955 754 1104 833 Silanus,
1118 754 1256 839 quentis
1271 756 1431 821 maximis
1443 776 1507 840 po-

411 856 477 921 tuit
497 854 683 934 itineribus,
697 854 943 940 (impediebant
965 864 1129 922 autemst
1149 858 1348 941 asperitates
1367 860 1508 937 viarum,

410 963 445 1023 et
467 956 634 1041 augustiae
657 958 800 1023 saltibus
823 959 958 1038 crebris,
973 965 1012 1023 ut
1031 958 1193 1043 pleraque
1212 959 1397 1044 Hispania
1417 968 1507 1041 sunt,

411 1056 584 1144 inclusas)
599 1066 709 1125 umen
724 1078 789 1125 nou
808 1060 919 1125 solum
937 1060 1080 1138 nuntios,
1096 1060 1159 1125 sed
1181 1060 1288 1126 etiam
1305 1062 1431 1127 famam
1446 1064 1506 1128 ad-

411 1167 527 1227 ventus
564 1162 618 1226 sui
657 1181 875 1246 praegressus,
905 1160 1047 1227 ducibus
1074 1161 1222 1227 indidem
1252 1182 1297 1227 ex
1326 1163 1510 1231 Celtiberia

412 1263 620 1347 transfugis,⁸
634 1264 677 1330 ad
690 1265 822 1331 bostem
835 1266 1000 1350 pervenit.
1045 1264 1184 1331 Eisdem
1205 1266 1400 1349 auctoribus
1414 1286 1509 1333 ccm-

409 1374 544 1452 ‚portum
565 1372 627 1446 est,
643 1388 719 1434 cum
741 1368 859 1433 decem
882 1368 1015 1434 circiter
1036 1369 1140 1434 millia
1158 1370 1202 1433 ab
1215 1368 1313 1435 boste
1335 1370 1509 1448 abessent,

411 1470 491 1535 bina
512 1478 625 1536 oastm
645 1470 735 1535 circa
756 1470 858 1551 mam,
874 1491 942 1556 qua
963 1470 1057 1549 irmt,
1076 1490 1174 1537 esse:
1196 1470 1286 1537 loeva
1305 1469 1510 1549 Celtiberos,

412 1592 538 1639 novum
566 1572 760 1651 exercitum,
786 1593 891 1659 supra
916 1592 1037 1638 norem
1063 1574 1168 1639 millia
1192 1574 1374 1653 bominum,
1392 1574 1512 1641 dextra

414 1674 564 1741 Punica‘
588 1680 697 1741 terame
723 1682 846 1743 castra.
900 1676 992 1741 Haec
1018 1677 1231 1756 sueonibus,
1257 1677 1396 1759 vigiliis,
1419 1678 1508 1741 omni

409 1778 504 1862 justa
516 1778 649 1845 militari
664 1777 820 1844 custodia
841 1782 914 1843 tuta
927 1784 961 1843 et
971 1776 1067 1842 firma
1079 1798 1172 1843 esse:
1199 1778 1260 1845 illa
1273 1778 1383 1844 altera
1398 1778 1512 1843 soluta

413 1880 645 1965 neglectaque,
656 1885 693 1945 ut
706 1881 918 1945 barbarorum
933 1886 967 1944 et
981 1884 1125 1945 tironum
1139 1888 1175 1946 et
1187 1882 1299 1946 miuus
1312 1882 1509 1954 timentium,

414 1982 505 2069 quod
525 1981 559 2045 iu
583 2000 648 2047 sua
660 1990 746 2047 terra
760 1991 886 2047 essent.
929 1980 982 2046 Ea
996 1983 1091 2066 prius
1106 1982 1332 2066 aggredienda
1345 1990 1442 2047 ratus
1457 1982 1510 2048 Si·

413 2085 522 2162 lauus,
534 2084 629 2169 signa
639 2102 741 2167 quam
754 2083 903 2149 maxime
917 2084 962 2149 ad
972 2084 1093 2150 huam
1103 2086 1247 2169 jubebat
1256 2085 1346 2162 ferri,
1358 2084 1512 2149 necunde

414 2186 458 2251 ab
483 2186 691 2266 stationibus
719 2186 858 2253 Punicis
883 2187 1147 2271 conspiceretur.
1203 2187 1299 2272 Ipse,
1323 2186 1512 2271 praemissis

415 2288 689 2373 speculatoribus,
704 2289 809 2355 citato
825 2291 953 2374 agmioe
966 2288 1010 2355 ad
1025 2287 1156 2354 bostem
1170 2290 1290 2373 pergit.

457 2390 491 2455 2.
508 2391 594 2461 ,Tria
613 2392 721 2458 millia
742 2392 845 2459 terme
869 2393 998 2471 aberat,
1019 2410 1096 2457 cum
1118 2390 1208 2457 baud
1231 2389 1309 2457 dum
1328 2390 1511 2477 quisquam

414 2492 560 2560 bostium
578 2501 737 2560 senserat.
766 2492 973 2577 Confragosa
985 2494 1064 2561 loca
1077 2499 1112 2559 et
1127 2493 1243 2559 obsita
1257 2493 1408 2577 uirgultis
1423 2501 1512 2560 teue-

407 2586 498 2662 'baut
513 2596 639 2663 colles.¹
683 2596 738 2664 Ibi
758 2596 792 2662 iu
812 2615 898 2665 cara
913 2596 1001 2663 valle
1020 2602 1121 2681 atque
1136 2596 1181 2662 ob
1195 2595 1230 2661 id
1250 2594 1383 2661 occulta
1398 2595 1512 2662 cousi·

415 2699 493 2765 dere
505 2699 653 2778 militem,
669 2703 705 2764 et
715 2699 828 2764 cibum
843 2719 962 2785 capere
972 2699 1084 2784 jubet.
1115 2699 1253 2765 Interim
1268 2699 1512 2782 speculatores,

415 2802 662 2885 transfugarum
682 2801 775 2866 dieta
798 2799 1010 2879 affirmantes,
1037 2807 1205 2866 venerunt.
1246 2799 1347 2877 Tium,
1368 2801 1512 2866 sarcinis

415 2903 450 2969 iu
464 2903 608 2971 medium
624 2903 800 2988 conjectis,
815 2909 910 2969 'arma
923 2900 1072 2970 Romani
1083 2904 1230 2987 capiunt,
1244 2902 1384 2988 acieque
1394 2903 1515 2987 justa‘

415 3005 451 3070 in
466 3025 612 3090 pugnam
629 3006 767 3071 vadunt.
819 3003 916 3070 Mille
929 3024 1090 3089 passuum
1105 3007 1252 3082 aberant,
1263 3023 1339 3070 cum
1352 3007 1396 3070 ab
1410 3004 1512 3070 hoste

417 3109 592 3192 conspecti
615 3116 704 3188 sunt,
727 3106 954 3192 trepidarique
976 3112 1108 3192 repente
1129 3112 1294 3191 coeptum.
1338 3105 1383 3172 Et
1405 3105 1512 3189 Mago

417 3229 461 3274 ex
483 3210 603 3276 eastris
620 3212 724 3275 citato
746 3228 835 3294 equo
854 3209 897 3274 ad
918 3210 1063 3294 primum
1086 3209 1265 3275 clamorem
1284 3213 1316 3273 et
1337 3207 1512 3274 tumultum

417 3311 600 3378 advehitur.
644 3311 746 3377 Erant
773 3319 885 3378 autem
907 3313 943 3377 in
968 3310 1161 3378 Celtibero⁸
1188 3310 1340 3377 exercitu
1368 3315 1514 3395 quatuor

450 3475 462 3510 ὅ
479 3476 646 3528 emullaribus
661 3477 757 3528 nturi·
770 3477 937 3543 αἰπεινήν·
953 3475 1514 3542 excancellarium-gemmus·

449 3573 1337 3684 enmmmqmmoeenpmaccqmrrmmeam

450 3670 465 3706 ὅ
481 3671 516 3724 Et
526 3677 786 3738 munecatone
796 3675 908 3724 enredo
920 3687 1042 3738 progrm
1050 3679 1114 3722 me.

875 3797 1056 3822 'W

417 3881 495 3932 Voss.
506 3888 551 3932 sut
562 3882 588 3932 in
598 3884 696 3948 optimo
708 3883 767 3935 Pal.
779 3888 969 3950 repertum-s
979 3883 1011 3934 ln
1020 3883 1088 3934 ΡΜ.
1096 3888 1158 3933 ante
1169 3883 1252 3934 tirou.
1264 3880 1368 3931 deletur
1378 3881 1443 3930 terri
1450 3881 1516 3943 plu.

419 3947 451 3996 Iu
463 3949 527 4011 aeg.
539 3949 653 3998 Voss-et
664 3949 732 3999 Pali.
751 3964 812 4012 nuo,
827 3965 882 4000 cass
901 3951 979 3999 decen
996 3949 1100 3999 ditibus
1115 3964 1158 3997 m
1175 3949 1230 4011 plns
1243 3946 1355 3996 militen.
1394 3943 1427 3995 12
1438 3945 1514 3996 Meu.

417 4027 472 4062 m
482 4013 653 4064 Xmilliores
667 4015 719 4078 pter
729 4015 841 4064 rnilitum
874 4015 960 4065 Etisru
971 4029 1013 4064 res
1026 4015 1080 4078 ples
1090 4022 1199 4076 uoerqne
1209 4013 1302 4062 Peter.
1328 4009 1514 4061 ‘Pro-ilit-

418 4093 556 4192 perpepjam
566 4087 736 4129 correxerunt
745 4080 865 4144 peditm
876 4079 945 4132 baud
956 4093 1014 4129 raro
1025 4080 1093 4128 cuim
1104 4079 1202 4128 milites
1214 4090 1261 4141 pro
1272 4075 1402 4142 peditibus
1413 4089 1515 4141 ponnu-

419 4141 481 4194 tur.¹
526 4144 575 4193 ocri
611 4179 618 4194 .

453 4211 466 4257 l
485 4211 493 4237 ⁸
504 4159 649 4273 pompm
660 4209 747 4260 obsitos
757 4209 871 4270 euntis
882 4208 990 4258 tentent
1000 4209 1068 4258 solbe
1077 4221 1114 4258 rc.
1124 4206 1225 4258 borterr
1241 4203 1401 4271 quodetiam
1413 4203 1518 4255 Duker.

420 4270 562 4334 conjecisse
571 4273 663 4324 rideo:
680 4273 751 4324 obriti
761 4274 875 4337 uirgultis
884 4275 952 4324 celtes
961 4273 1071 4323 terrebunt
1082 4271 1132 4339 (rc.
1144 4271 1291 4334 regionem
1301 4270 1375 4334 bnjur
1384 4275 1463 4320 terra
1474 4267 1516 4318 ts·

419 4337 485 4386 ciem
496 4336 662 4402 obtinebunt)
672 4339 734 4389 Put·
751 4339 822 4389 Flos.
833 4349 862 4390 et
873 4339 950 4392 Cant.
961 4338 1035 4402 prob.
1051 4339 1127 4389 Crcr.
1160 4337 1256 4387 Vocem
1267 4337 1336 4385 eolles
1346 4335 1516 4397 eglosrators

422 4400 566 4466 protectum
586 4418 644 4455 erre
660 4411 688 4455 et
703 4403 842 4456 delendam
863 4412 941 4469 putat
963 4401 1052 4456 ΜΗ
1068 4403 1218 4467 sum-s
1241 4401 1412 4452 eruimur·
1427 4399 1514 4450 Grou.
