3259 5225
403 548 491 614 2408
867 562 904 613 r.
928 562 1024 613 urvrr

405 703 501 773 satis‘
519 706 733 791 probabunt?
761 705 915 771 restituit.
973 704 1071 783 Inde,
1101 706 1246 771 navibus
1275 704 1430 789 acceptis
1465 707 1511 769 ab

405 810 556 886 Achaeis,
583 810 692 889 (crant
717 816 834 873 autem
859 816 929 875 tres
951 809 1177 892 quadriremes
1202 816 1238 873 et
1264 810 1406 873 biremes
1432 809 1512 873 toti·

403 908 497 994 dem)
520 910 719 995 Anticyram
743 909 897 993 trajectu*
940 912 1026 976 Inde
1052 912 1351 995 quinqueremibus
1376 917 1509 995 septem

404 1022 440 1078 et
463 1014 584 1078 lembis
605 1014 720 1097 viginti
745 1013 903 1096 amplius,
926 1032 1027 1097 quos,
1049 1021 1090 1077 ut
1112 1014 1313 1097 adjungeret
1335 1012 1509 1095 Carthagi·

406 1116 573 1181 niensium
588 1116 703 1193 classi,
716 1116 853 1180 miserat
865 1116 900 1177 in
915 1113 1122 1179 Corinthium
1137 1116 1260 1194 sinum,
1275 1116 1450 1199 profectus
1464 1114 1510 1179 ad

405 1218 584 1301 Erythras‘
606 1218 809 1295 AEtolurum,
825 1236 902 1301 quae
919 1237 1025 1300 prope
1043 1215 1242 1301 Eupalinm⁸
1258 1225 1349 1295 sunt,
1364 1236 1509 1282 exscen-

406 1321 535 1383 sionem
556 1319 649 1387 secit.
694 1319 800 1385 Haud
818 1318 937 1384 fefellit
955 1318 1111 1382 AEtolos:
1134 1338 1209 1383 nam
1229 1320 1399 1384 hominnm
1419 1318 1508 1401 quod

406 1428 464 1486 aut
485 1422 519 1485 in
540 1422 644 1505 agris,
661 1432 722 1488 ant
742 1425 777 1487 in
798 1422 998 1506 propinquis
1020 1422 1171 1486 castellis
1192 1420 1384 1486 Potidaniae
1402 1429 1508 1503 atquc

404 1523 617 1608 Apollouiae‘
641 1526 714 1603 fuit,
740 1526 777 1591 in
807 1526 925 1609 sylvas
949 1533 1149 1608 montesque
1180 1525 1311 1607 refugit.
1365 1521 1509 1597 Pecora,

404 1646 483 1709 quae
506 1628 591 1693 iuter
612 1626 859 1694 festinationem
882 1629 972 1711 abigi
993 1628 1203 1710 nequierant,
1224 1634 1304 1691 snut
1323 1626 1454 1710 direpta
1474 1632 1511 1688 et

404 1728 439 1792 in
472 1748 576 1795 naves
604 1729 790 1813 compulsa.
846 1728 933 1795 Cum
961 1730 1013 1793 his
1039 1734 1218 1814 ceteraque
1244 1729 1375 1813 praeda,
1402 1726 1510 1792 Nicia

405 1838 550 1914 praetore
580 1832 781 1898 Achaeorum
814 1830 950 1915 AEginm
976 1832 1092 1908 missu,
1117 1850 1193 1895 cum
1223 1828 1423 1895 Corinthum
1452 1848 1509 1911 pe-

405 1932 512 2012 tisset,
526 1933 698 2017 pedestres
719 1934 799 1998 inde
821 1934 942 2016 copias
962 1951 1023 2015 per
1043 1932 1214 1997 Boeotiam
1236 1942 1323 1997 terra
1342 1931 1420 1996 duci
1437 1931 1510 2015 jus-

405 2033 461 2097 sit.
506 2034 601 2118 Ipse,
622 2035 666 2100 ab
690 2034 916 2101 Cenchreis⁷·¹
938 2040 1059 2118 praeter
1085 2041 1207 2099 terram
1229 2034 1380 2100 Atticam
1405 2052 1510 2119 super

860 2232 1050 2253 om

396 2362 496 2427 pisiam,
506 2364 574 2415 Edd.
586 2374 649 2417 ante
659 2366 743 2417 Gron.
759 2367 831 2418 ‘Sed
842 2365 940 2432 siquod
955 2367 1093 2417 molestum
1104 2371 1155 2416 est.
1181 2364 1236 2417 Aut
1247 2366 1326 2429 igitur
1336 2378 1385 2429 pro
1395 2379 1428 2414 eu
1438 2378 1510 2427 qao·

406 2427 447 2475 vel
458 2430 498 2491 qai
509 2431 655 2495 legendum,
666 2440 711 2482 aut
729 2448 778 2497 pru
790 2446 952 2497 supervacuo
967 2432 1164 2482 cancellanduar
1178 2440 1229 2490 est,
1238 2432 1288 2480 huc
1299 2429 1394 2479 modo:
1410 2430 1511 2493 supse-

403 2508 457 2542 ναι
471 2500 550 2545 auterre
559 2498 738 2563 Megalopolitis
752 2498 859 2565 (saunas
870 2498 951 2559 saissa
960 2498 1051 2564 finiam
1069 2498 1130 2547 satis
1145 2495 1290 2562 prodromi)
1300 2494 1424 2545 ramas?
1440 2496 1468 2546 J.
1479 2495 1511 2543 F.

900 2679 1007 2732 NOTAE

437 2781 449 2806 ⁰
467 2775 656 2842 Megalopolitis]
668 2777 789 2830 Arcadia
799 2779 937 2845 caputboe
975 2778 1052 2828 minis
1062 2778 1124 2828 urbs
1134 2775 1186 2827 init
1197 2777 1223 2826 lu
1241 2777 1325 2826 insula
1336 2775 1406 2826 riuus
1418 2773 1509 2833 OEtai,

407 2855 525 2914 tempure
537 2853 720 2918 Megalopolis,
731 2855 837 2920 Polybii
852 2857 938 2921 patria
975 2855 1019 2906 ubi
1030 2856 1180 2906 helleborus
1189 2869 1235 2904 seu
1250 2859 1382 2902 ueratrum
1393 2852 1511 2901 nascitur

405 2927 598 2992 adAlpheum:
622 2933 818 2983 nuncupatim·
828 2934 936 2999 Sophia·
975 2933 1117 2997 porgaudis
1144 2932 1228 2981 noxiis
1254 2929 1413 2988 humoribus,
1436 2943 1511 2976 uere·

405 3017 450 3066 uo,
461 3005 544 3068 Nigro
555 3005 688 3058 niumm.
975 3011 1051 3061 hrum
1062 3007 1336 3074 infamosissimum
1347 3006 1418 3070 apud
1434 3005 1511 3055 Anti·

436 3087 450 3122 Ρ
476 3081 546 3136 Quod
566 3096 660 3133 morsm
674 3081 755 3144 faisse
769 3085 861 3152 fluisse
876 3087 938 3136 sotis
975 3087 1255 3137 cirrhamPhoceuseur
1263 3082 1510 3147 meliusteruperari

403 3155 547 3220 probabunt]
564 3158 648 3210 Recte
664 3161 781 3213 Gronov.
795 3178 891 3213 ueram
900 3163 937 3229 fi·
973 3163 1138 3214 credebatur.

404 3235 470 3282 stara
487 3235 686 3298 interpretatur,
703 3240 755 3289 uuir
771 3241 937 3304 (Megalopm
1006 3247 1017 3274 ¹
1034 3237 1168 3305 Erythras]
1184 3237 1276 3288 AEtolir
1286 3252 1302 3287 a
1312 3237 1388 3288 Livio
1399 3236 1511 3301 aliisque

405 3309 937 3378 litarum)liuibuscomprehensum,Gall.
975 3315 1156 3366 attribuuntur
1186 3313 1328 3380 Erythrae:
1361 3313 1511 3377 Stephanus

406 3385 853 3449 qa'edeeeotrtredaeuurrerrrroire.
885 3393 936 3442 Sed
975 3392 1083 3443 Lucridi
1105 3392 1231 3456 assignat.
1274 3389 1324 3440 Hae
1340 3403 1393 3440 uon
1415 3391 1510 3454 procul

407 3462 464 3525 qnls
475 3476 526 3511 nou
535 3461 785 3518 mireturmulertnm
797 3477 871 3519 tauto
881 3472 936 3521 viro
976 3471 1125 3532 Naupacto,
1136 3483 1195 3532 qua
1210 3465 1274 3516 urba
1286 3467 1427 3516 locrorum
1440 3467 1510 3516 Oso-

405 3536 523 3600 siquod,
547 3545 575 3588 et
593 3551 730 3605 acceptum
754 3559 801 3608 pro
825 3547 936 3597 relativo
974 3545 1057 3593 larum
1069 3537 1190 3608 primum,
1199 3541 1262 3591 dein
1273 3540 1416 3591 diluturum
1425 3539 1486 3590 fuis.

406 3613 516 3663 uomiuis
532 3612 665 3673 seminini,
682 3633 775 3684 nempe
792 3621 936 3685 Aliphera,
1006 3623 1111 3686 ·Prope
1126 3621 1268 3684 dispulisse]
1285 3619 1372 3670 Plinio
1388 3619 1512 3682 Eupalia,

406 3703 464 3738 eum
482 3689 619 3740 manifeste
637 3695 672 3743 sit
687 3697 813 3759 particula
825 3699 936 3748 causati·
974 3698 1097 3762 oppidum
1125 3695 1177 3746 fuit
1204 3697 1345 3746 Locrorum
1368 3695 1510 3745 Ouolarum

406 3767 453 3814 ra?
480 3765 618 3830 Significat
629 3769 697 3820 euim
709 3771 794 3822 Livius
806 3773 865 3822 ideo
877 3775 935 3823 red·
974 3774 1007 3822 ud
1024 3771 1130 3823 flurium
1148 3773 1324 3838 Amphissam,
1338 3779 1368 3822 ut
1388 3779 1416 3822 et
1435 3773 1509 3823 Poti-

406 3841 487 3893 ditam
498 3856 554 3892 eam
563 3843 652 3894 urbem
662 3847 866 3912 Megalopolitis,
874 3849 935 3913 quia
973 3851 1059 3901 dania.

405 3919 430 3966 bi
444 3917 494 3967 ribi
504 3919 568 3968 alias
580 3920 734 3983 subjectam,
745 3939 791 3974 seu
802 3925 935 3976 contribu·
1005 3928 1014 3960 ¹
1031 3925 1177 3992 Apollonio]
1193 3925 1282 3989 Hujrrs
1296 3923 1447 3988 locrensis,
1462 3939 1511 3976 seu

407 3999 461 4043 tam
470 3992 551 4043 fnisse
563 3995 720 4060 probabant.
974 4002 1121 4053 Phocensis
1138 4003 1285 4068 Apolloniae
1298 4018 1348 4052 non
1360 4004 1510 4053 meminisse

438 4078 450 4112 n
466 4069 609 4135 Anticyram
627 4071 734 4137 trajecit]
749 4073 818 4124 Hac
827 4075 935 4142 Autiey-
973 4079 1146 4142 geographos,
1156 4078 1218 4129 nibil
1229 4079 1338 4130 mirum:
1351 4081 1446 4130 etenim
1456 4095 1509 4131 non

305 4153 311 4174 ⁵
407 4159 447 4206 ra,
468 4147 509 4196 rel
529 4147 615 4208 potius
633 4148 792 4210 Amisimus,
812 4151 874 4201 urbs
894 4159 937 4202 est
973 4153 1045 4218 urbs,
1060 4153 1104 4204 aed
1124 4156 1260 4205 castellum
1273 4163 1341 4212 erat,
1358 4155 1427 4220 quud
1440 4157 1508 4206 haud

407 4221 536 4271 maritima
547 4223 670 4273 Phocidis
684 4224 717 4273 ad
735 4225 817 4274 sinum
830 4227 937 4276 crissie·
973 4231 1063 4294 procul
1080 4231 1144 4280 mari
1164 4229 1247 4281 fuisse
1265 4231 1429 4282 demonstrat
1440 4233 1509 4283 Livii

407 4313 461 4358 um,
480 4299 524 4362 qui
538 4312 597 4362 pars
610 4301 784 4350 Corinthiaci:
811 4302 849 4350 sic
866 4302 937 4352 dicta
974 4305 1099 4354 narratio.

409 4373 478 4435 quod
495 4375 528 4423 sit
547 4383 638 4425 eontra
656 4377 780 4426 Cirrham.
813 4379 937 4430 Creditur
1008 4387 1019 4413 ¹
1038 4379 1077 4429 Ab
1091 4380 1232 4444 Cenchreis]
1249 4383 1389 4434 Corinthus
1406 4383 1507 4434 duobus

408 4463 475 4500 nune
488 4449 560 4501 Saule
573 4453 667 4502 vocari.
692 4451 753 4503 Alia
763 4453 880 4518 ejusdem
892 4469 937 4505 uo·
977 4455 1112 4509 imminens
1122 4458 1246 4524 maribus,
1258 4460 1310 4511 duo
1319 4475 1509 4528 quoqueuara·
