3259 5225
407 552 496 625 2226
878 572 913 620 r.
937 571 1033 622 nrvrr

408 720 551 804 primum
566 737 609 785 ac
624 715 667 784 de
689 716 873 804 provinciis
887 720 987 785 ambo
1011 713 1167 784 consules
1182 715 1227 784 ad
1246 723 1395 784 senatum
1422 722 1511 784 retu·

407 822 488 887 lere.

450 923 508 990 28.
532 922 588 988 Ibi
614 921 875 1007 Latinumque
901 927 991 988 statu
1008 930 1034 970 ¹⁵
1065 921 1268 989 Macedonia
1295 928 1331 989 et
1358 921 1506 1000 Graecia,

408 1024 529 1106 AEtoli,
542 1027 751 1104 Acarnanes,
770 1023 940 1110 Locrique
964 1035 1101 1108 essent,e
1124 1046 1276 1111 quasque
1293 1026 1339 1092 ibi
1360 1045 1412 1090 res
1432 1025 1510 1109 ipse

409 1127 538 1211 egisset
562 1135 651 1193 terra
674 1127 837 1212 marique,
864 1129 1043 1212 exposuit:
1073 1127 1304 1214 ‘Philippum
1319 1128 1512 1193 inferentem

408 1229 535 1294 bellum
551 1229 687 1310 AEtulis,
704 1231 739 1293 in
755 1230 994 1295 Macedoniam
1009 1239 1096 1295 retro
1108 1231 1151 1295 ab
1167 1251 1204 1295 se
1219 1231 1443 1315 compulsum,
1464 1227 1512 1292 ad

408 1333 527 1398 intima
537 1333 671 1416 penitus
680 1333 774 1416 regni
784 1334 909 1412 abisse,
919 1335 1152 1420 legionemque
1161 1333 1240 1397 inde
1249 1332 1371 1398 deduci
1383 1351 1486 1416 posse
1500 1351 1512 1396 :

410 1433 552 1500 classem
568 1434 652 1500 satis
670 1454 746 1500 esse
762 1433 806 1501 ad
822 1434 1001 1502 arcendum
1016 1435 1115 1502 Italia
1131 1432 1264 1518 regem!
1307 1434 1396 1500 Haec
1412 1431 1453 1498 de
1467 1451 1509 1498 se

408 1536 517 1620 deque
541 1536 726 1621 provincia,
748 1539 806 1603 cui
828 1538 1014 1623 praetnerat.
1058 1538 1241 1604 Consulum
1264 1538 1305 1603 de
1325 1535 1512 1621 provinciis

409 1642 595 1706 cummunis
620 1639 740 1706 relatio
755 1639 831 1706 luit.
875 1641 1063 1705 Decrevere
1080 1639 1209 1720 Patres,
1224 1638 1293 1705 ‘Ut
1313 1639 1512 1706 alteri'cun-

408 1743 517 1808 sulum
543 1742 645 1809 Italia
666 1743 861 1830 bellumque
888 1764 962 1809 cum
986 1743 1177 1809 Hannibale
1199 1743 1377 1828 provincie
1394 1749 1511 1808 esset:

409 1843 494 1910 alter
508 1845 662 1926 classem,
677 1847 732 1912 eni
746 1847 789 1912 T.
804 1845 970 1912 Otacilius
983 1845 1186 1930 prefuisset,
1197 1845 1415 1930 Siciliamque
1429 1862 1509 1928 pro-

409 1946 555 2012 vinciam
573 1966 649 2014 cum
664 1947 706 2012 L.
723 1946 843 2014 Cincio
865 1955 1008 2032 praetore
1027 1947 1214 2013 obtineret?
1256 1947 1437 2012 Exercitus·
1455 1947 1511 2011 eis

410 2048 480 2114 duo
492 2049 629 2128 decreti,
643 2051 702 2136 qui
717 2051 752 2114 in
767 2049 901 2115 Etruria
916 2049 1099 2133 Galliaque
1116 2057 1241 2115 essent.
1284 2049 1346 2117 Ete
1361 2053 1511 2135 quatuor

410 2156 504 2216 eraut
522 2149 732 2234 legionesJ‘f
764 2151 911 2218 Urbana
930 2151 1008 2220 duee
1034 2153 1215 2238 superioris
1237 2153 1337 2218 anui¹
1359 2153 1393 2218 in
1408 2151 1512 2219 Etru·

410 2255 515 2339 riam;
530 2255 621 2336 dure,
632 2258 754 2341 quibus
776 2257 947 2341 Sulpicius
966 2257 1083 2322 consul
1093 2257 1298 2342 praefuisset,
1308 2257 1345 2322 in
1354 2255 1507 2324 Galliam

409 2359 627 2425 mitterentur·
671 2359 794 2426 Galliae
813 2367 847 2424 et
861 2359 1047 2443 legionibus
1061 2357 1238 2442 praeesset,
1260 2379 1360 2445 quem
1376 2359 1509 2434 consul,

410 2458 508 2544 cujus
528 2459 629 2526 Italia
642 2461 814 2546 provincia
836 2465 937 2540 esset,
952 2460 1185 2546 praefecisset-⁴
1226 2461 1269 2526 In
1284 2460 1450 2530 Etruriam
1466 2460 1509 2527 C.

411 2559 623 2647 Calpurnius,
649 2568 729 2647 post
748 2571 927 2648 praeturam
953 2571 1132 2649 prorogato
1156 2563 1190 2629 in
1210 2583 1332 2630 aunum
1352 2563 1510 2651 imperio,

410 2666 562 2747 missus3
593 2672 627 2731 et
654 2666 700 2746 Q.
728 2665 851 2732 Fulvio
880 2665 1001 2749 Capua
1024 2666 1198 2750 provincia
1222 2667 1366 2747 decretu,
1390 2676 1509 2753 prore·

410 2775 591 2854 gatumque
612 2770 649 2833 iu
674 2789 795 2835 aunum
820 2770 1008 2855 imperium.
1050 2768 1233 2836 Exercitus
1258 2770 1381 2836 civium
1397 2772 1508 2838 socio·

410 2890 549 2957 rumque
568 2871 674 2937 minui
690 2871 823 2957 jussus,
838 2879 882 2963 ¹ut
896 2891 939 2936 ex
960 2870 1094 2937 duabus
1113 2873 1304 2957 legionibus
1324 2892 1392 2940 uua
1404 2874 1507 2957 legin,

411 2975 560 3059 quinque
581 2974 689 3040 millia
707 2974 857 3058 peditum
878 2978 914 3039 et
933 2976 1068 3042 trecenti
1083 2976 1216 3061 equites
1231 2983 1368 3060 essent;
1390 2977 1509 3043 dimis-

416 3178 419 3184 ’
443 3164 458 3200 ⁴
477 3166 542 3217 vta
553 3166 641 3216 Gellia
653 3166 783 3229 Cisalpine
790 3165 929 3231 rastede,
947 3172 970 3217 et
981 3168 1112 3231 imbribus
1125 3168 1152 3218 ia
1165 3182 1218 3219 eura
1230 3169 1361 3229 mtterdir,
1371 3170 1509 3237 impensu,

410 3230 1347 3299 qaiiieproepoaerrtarnbtoemrlecuisorteodoerirtetltattuprouiacis.

866 3374 1050 3399 mm

414 3477 418 3485 “
444 3478 474 3524 lo
491 3472 561 3524 Olim
572 3472 709 3536 legebatur
719 3476 801 3539 wia
811 3457 949 3527 muta—16
966 3476 1029 3528 ‘lte
1040 3492 1072 3527 ex
1083 3478 1187 3532 emend.
1205 3478 1293 3529 Perir-
1308 3495 1355 3545 pro
1367 3480 1436 3546 vulg.
1453 3497 1508 3546 με

411 3539 808 3606 materiamornant)
826 3542 1153 3609 legionesadidilltspert.
1187 3546 1232 3595 Sic
1251 3546 1331 3597 etiam
1350 3547 1509 3612 bioguutiun

905 3681 1013 3734 NO'l'AE

441 3784 455 3811 0
470 3775 586 3841 lamque
601 3775 690 3841 meet]
707 3776 813 3829 ludieat
828 3777 938 3845 Anticy-
978 3781 1045 3831 bine
1065 3788 1140 3832 ararit
1158 3780 1291 3846 legiones!
1323 3783 1393 3834 Item
1412 3796 1507 3835 xxxrr.

411 3868 465 3904 ram
477 3853 550 3918 queri
566 3852 654 3902 leeris
668 3852 807 3918 ademtam,
826 3868 885 3919 qure
900 3862 938 3905 ta·
978 3864 1019 3909 ld.
1035 3866 1103 3909 ‘uua
1122 3858 1236 3926 (elassis)
1255 3874 1314 3910 cnm
1335 3861 1443 3912 Attalo:
1467 3876 1508 3913 en

410 3944 531 3981 mennon
544 3929 670 3986 Loerldir,
681 3928 937 3982 redl'bueidiserat:
978 3943 1089 3999 quatuor
1107 3944 1136 3985 et
1156 3936 1247 3999 viginti
1264 3938 1461 4003 quinqueremes
1481 3954 1510 3989 e·

410 4009 459 4058 nisi
477 4006 582 4057 ritorto
601 4020 648 4070 per
668 4020 700 4055 en
721 4013 838 4071 tempora
860 4004 938 4059 Locri
978 4012 1056 4061 rent)
1088 4010 1121 4062 ld
1138 4020 1188 4073 est,
1199 4014 1331 4065 exercitur
1348 4022 1387 4065 tot
1401 4016 1508 4079 legioni·

411 4084 499 4136 Orela
517 4097 588 4133 oram
609 4083 771 4133 Pboeenrem
793 4097 938 4149 oocupare-
978 4088 1035 4152 bm,
1046 4088 1135 4139 elassis
1152 4096 1192 4138 tot
1209 4089 1434 4156 quinqueremibus
1445 4104 1508 4142 cun·

410 4172 479 4212 raut.
511 4161 760 4224 Vidernpreem.
841 4194 844 4201 .
977 4164 1070 4214 itabat.

443 4237 454 4273 ¹
477 4240 522 4288 Ea
541 4243 642 4302 quatuor
661 4244 729 4289 emt
751 4238 866 4306 ἱιςίοιιιε]
895 4240 938 4291 lte
1009 4246 1022 4284 Ι
1042 4240 1146 4292 Urbane
1154 4240 1345 4305 aucupatoria
1353 4240 1422 4307 uari]
1438 4242 1506 4306 Quae

411 4315 458 4365 lib.
469 4328 549 4365 xxrr.
564 4327 623 4377 cap.
640 4317 681 4363 tt.
705 4314 751 4365 ‘et
766 4316 938 4374 exercituum,
978 4316 1080 4366 seilicet
1096 4316 1121 4365 ln
1141 4316 1205 4367 urbe
1222 4318 1390 4382 conscripta,
1409 4320 1458 4371 net
1478 4320 1507 4370 in

411 4403 477 4441 neos
494 4404 570 4455 quem
586 4389 641 4452 ipre
659 4390 827 4454 Sempronius
841 4392 936 4442 babue-
977 4394 1136 4459 provinciam
1148 4392 1273 4459 protecte
1284 4394 1396 4447 fuerant.

412 4477 471 4531 ηις
488 4468 555 4519 ulter
572 4482 649 4535 quem
661 4468 756 4519 Fabius
767 4469 881 4521 &nauli
899 4484 937 4521 ete
987 4510 989 4515 .
