3259 5225
497 500 571 551 ura.
594 499 707 550 xxvi.
728 500 813 550 ear.
836 485 890 552 16.
1158 485 1248 554 9196

136 646 249 727 melaz
270 651 407 730 petatur
421 664 442 712 a
456 644 578 714 virtute
590 645 709 712 inviae
723 643 825 730 anns
836 645 917 712 vita
931 643 1101 712 vindicta!
1131 643 1247 732 Atque

135 747 188 812 ita
202 749 329 831 gladio,
342 768 442 833 quem
456 753 551 814 resta
572 755 716 825 texerat,
738 767 798 831 por
811 747 989 814 adversum
1001 752 1121 833 pectus
1137 754 1245 816 trans-

136 850 245 930 fixos,
260 849 457 936 antepedes
472 850 685 935 imperatoris
699 850 917 916 moribundus
930 851 1118 936 procubuit.

180 954 236 1021 16.
259 953 365 1032 Quia,
377 960 414 1019 et
425 953 518 1039 quod
528 954 571 1020 ad
582 953 788 1038 supplicium
801 953 926 1022 attinet
935 950 1196 1037 Campanorum,
1208 961 1244 1019 et

135 1055 300 1140 pleraque
314 1057 384 1122 alia
396 1056 438 1122 de
448 1057 564 1123 Flacci
579 1057 678 1122 unius
693 1056 858 1121 sentrude
870 1063 946 1122 acta
958 1065 1064 1135 eraut,
1080 1062 1244 1122 mortuum

135 1156 208 1241 Ap.
219 1156 400 1224 claudium
409 1161 474 1225 snb
483 1159 687 1225 deditionem
697 1159 836 1245 Capuae,
847 1158 984 1243 quidam
994 1158 1139 1226 tradunt:
1154 1159 1243 1244 huno

135 1280 277 1346 qnoque
292 1263 403 1346 ipsum
413 1259 584 1328 Tauream
604 1282 718 1346 neque
744 1281 811 1327 sua
829 1267 951 1346 sponte
970 1260 1106 1328 vonisse
1129 1259 1243 1340 Cales,

134 1383 249 1448 neque
264 1384 328 1431 sua
341 1385 442 1431 mann
456 1365 685 1447 interimam
706 1364 778 1441 sed,
792 1364 873 1430 duur
889 1364 1112 1430 interceteros
1125 1365 1167 1428 ad
1182 1385 1243 1448 pa·

133 1465 208 1532 lnm
223 1468 397 1551 deligatur,
412 1469 494 1553 qnia
509 1487 627 1552 parum
641 1469 729 1534 iuter
748 1467 909 1552 strepitus
924 1465 1076 1532 exaudiri
1091 1472 1242 1551 possent,

134 1589 215 1652 qnae
231 1571 492 1652 vociferabatur,
514 1571 682 1637 silentium
704 1570 775 1636 fleri
800 1568 963 1660 Flaccum
982 1567 1149 1652 josaiase;
1171 1575 1242 1636 tum

133 1670 300 1738 Tauream
319 1674 390 1752 illa,
408 1692 487 1758 quoe
502 1680 580 1738 ante
593 1680 779 1738 memorata
793 1683 884 1750 sant,
900 1672 1042 1754 dixisse,
1065 1673 1243 1738 ‘rirnmse

132 1773 355 1841 fortissimum
379 1778 423 1842 ab
442 1794 660 1861 nequaquam
681 1776 757 1861 pari
781 1775 825 1840 ad
845 1777 1003 1842 virtutem
1023 1774 1156 1852 occidi,’
1175 1775 1241 1842 sub

132 1876 211 1943 haee
235 1878 326 1943 dicta
343 1877 443 1963 jussu
468 1878 682 1962 proconsulis
703 1898 890 1963 praeconem
915 1879 965 1944 ita
986 1878 1240 1962 pronuntiasse:

133 1979 285 2060 ‘Lictor,
299 1982 372 2046 viro
391 1981 469 2048 lorti
485 1981 572 2047 adde
587 1982 711 2065 virgas,
724 1986 759 2048 et
768 1981 804 2048 iu
819 1999 894 2046 eum
910 1981 1052 2066 primum
1066 1981 1140 2063 lege
1155 1982 1244 2064 age!

132 2081 281 2148 lacem
295 2104 427 2168 qnoque
438 2091 576 2150 senatus
597 2085 799 2164 consultum,
816 2085 908 2169 prius
921 2103 1021 2169 quam
1041 2084 1149 2149 securi
1162 2083 1240 2149 fari·

130 2192 197 2265 ret,
213 2187 352 2273 quidam
365 2195 525 2252 auctores
546 2195 643 2267 snnt;
665 2186 737 2258 sed,
755 2188 835 2270 quia
849 2187 1032 2272 ascriptum
1050 2186 1239 2254 insecatur
1273 2192 1276 2204 '

131 2289 287 2356 consulto
299 2289 410 2364 fuant,
434 2290 486 2355 ‘si
507 2291 539 2354 ei
558 2290 735 2368 videretur,
754 2290 915 2372 integram
935 2309 1004 2354 rern
1023 2287 1068 2353 ad
1088 2294 1238 2354 renatum

129 2391 304 2478 rejiceret’
318 2395 571 2478 interpretatum
585 2413 672 2474 esse,
681 2393 765 2479 qnid
780 2393 889 2476 magis
903 2411 922 2458 a
937 2409 973 2456 ro
987 2391 1128 2476 publiea
1138 2391 1239 2456 duee·

130 2502 192 2572 ret,
203 2496 462 2561 aestimationem
474 2496 541 2561 sibi
552 2497 762 2581 permissam.
807 2494 959 2580 Capuam
972 2513 994 2560 a
1006 2494 1173 2561 Calibus5
1188 2512 1238 2559 re·

129 2596 240 2664 ditum
256 2603 319 2678 est,
339 2596 540 2685 Atellaque·
559 2605 594 2665 et
606 2598 762 2667 Calatia·
783 2597 819 2665 in
841 2597 1046 2665 deditionem
1070 2603 1234 2681 accepte·

131 2699 188 2767 lbi
202 2720 339 2787 quoqne
357 2704 391 2768 iu
407 2722 476 2778 eos,
492 2703 552 2787 qni
567 2703 679 2788 capita
692 2720 803 2767 rernm
825 2707 931 2779 erant,
953 2700 1235 2767 animadversum.

130 2802 186 2869 lta
205 2804 252 2870 ad
269 2807 480 2889 septuaginta
492 2811 518 2853 ¹⁵
538 2805 709 2889 principes
729 2809 869 2870 mustus
891 2801 1076 2883 interfecti3
1098 2800 1236 2867 trecenti

128 2904 236 2973 imme
248 2908 382 2973 nobiles
393 2908 559 2992 Campani
573 2908 608 2971 in
619 2926 784 2974 carcerem
793 2906 941 2972 conditi:
964 2904 1036 2983 alii,
1051 2924 1112 2989 per
1126 2904 1235 2972 socio·

129 3028 205 3074 rum
226 3008 339 3075 Latini
358 3010 505 3076 nominis
520 3010 619 3075 urbes
632 3011 667 3075 in
682 3010 857 3075 custodias
872 3008 957 3088 dati,
972 3009 1075 3075 variis
1097 3008 1235 3073 casibus

128 3113 345 3179 interierunt:
380 3104 559 3179 multitudo
583 3114 651 3179 alia
681 3113 806 3179 civium
832 3110 1078 3196 Campanorum
1111 3130 1233 3175 venum

128 3213 221 3281 data.
265 3216 320 3280 De
331 3216 412 3281 urba
423 3235 573 3301 agroque
582 3217 711 3301 reliqua
725 3214 931 3281 consultatio
941 3214 1016 3290 luit,
1032 3212 1235 3297 quibusdam

128 3317 303 3384 delendam
316 3320 525 3384 censentibus
539 3320 655 3384 urbem
670 3316 900 3402 praevalidam,
915 3318 1154 3403 propinquam,
1170 3315 1234 3379 ini·

127 3424 264 3491 nicam.
306 3420 464 3488 Ceterum
493 3440 640 3505 praeseus
668 3420 797 3487 utilitas
827 3421 920 3486 vicit.
974 3418 1065 3485 Nam
1095 3424 1235 3503 propter

127 3546 256 3610 agrum,
272 3544 370 3610 quem
385 3523 476 3589 omni
490 3523 663 3588 fertilitate
682 3528 780 3589 tarrae
799 3522 883 3587 setis
900 3522 1075 3587 constabat
1089 3520 1232 3604 primum

125 3606 281 3695 initalia
296 3646 382 3705 esse,
396 3626 475 3692 urbs
490 3633 622 3692 servata
634 3632 696 3704 est,
711 3632 751 3690 nt
764 3630 854 3691 esset
866 3622 982 3708 aliqua
997 3629 1164 3689 aratorum
1180 3642 1232 3687 se-

126 3730 201 3795 des.
256 3728 340 3795 Urbi
368 3727 623 3811 frequentandas
642 3726 821 3793 multitudo
851 3726 1033 3792 incolarum
1059 3724 1231 3790 libertino·

125 3850 267 3914 rumque
298 3834 334 3894 et
360 3829 554 3894 institorum
580 3828 809 3913 opificumque
840 3837 989 3895 retenta:
1021 3846 1099 3910 ager
1119 3826 1230 3891 omnis

126 3941 163 4001 et
187 3939 282 4000 tecta
303 3933 445 4018 publica
464 3930 586 4017 populi
606 3930 753 3997 Romani
773 3931 877 3997 sacta.
919 3928 1076 3996 Ceterum
1089 3928 1232 3994 habitari

623 4130 735 4182 NOTAE

130 4261 133 4267 ·
155 4232 290 4298 realiter]
303 4232 385 4298 Celer,
395 4231 458 4285 bod.
470 4231 549 4295 edat,
558 4231 657 4282 tr'l'er·
696 4230 790 4281 trium
801 4231 870 4282 luter
881 4230 998 4294 Capuam
1009 4234 1037 4278 et
1047 4226 1196 4292 Neapolim.

123 4309 280 4363 rahtoda
726 4303 1231 4373 ⁸00mtr1vnlgocamrrr‘rem

156 4396 169 4422 ⁸
193 4388 331 4453 Μὴν]
357 4384 436 4437 Nunc
449 4385 554 4451 Acerra,
569 4384 657 4437 aredio
696 4398 798 4452 qnoque
809 4382 928 4434 Laboris.
