3259 5225
419 536 507 605 21ae
748 504 755 529 ⁸
890 518 924 603 r.
949 550 1044 601 nrvrr

460 696 518 762 uu.
541 693 582 761 Iu
604 700 755 779 tempore
776 692 881 777 legati
907 714 929 761 a
953 692 1120 761 Marcello
1143 694 1324 775 redieruut,
1348 694 1437 761 fuiss
1465 714 1524 761 cos

418 796 615 885 suspicione
635 796 794 863 mutos
814 802 1050 875 memorantes,
1071 816 1133 861 nec
1158 816 1296 863 censam
1322 794 1523 881 expetendae

417 920 531 985 poeum
545 920 659 967 eurum
674 898 779 964 ullam
793 896 963 964 Romanis
978 918 1065 964 esse·
1108 898 1191 963 Erat
1204 918 1251 964 ex
1271 900 1378 964 tribus
1393 896 1523 965 Achra·

419 1002 508 1068 dium
522 1002 688 1088 praesectis
701 998 894 1086 Hispanus,
910 999 1064 1066 Mericus
1078 1000 1222 1066 nomine.
1265 998 1323 1066 Ad
1336 1018 1415 1065 eum
1437 1000 1523 1066 inter

419 1106 760 1188 comiteslegutorum
774 1102 994 1169 deiudustria
1010 1122 1095 1168 uuus
1109 1123 1156 1168 ex
1178 1100 1414 1188 Hispanorum
1438 1122 1522 1169 aux-

419 1206 573 1272 iliaribus
594 1211 647 1271 eet
668 1205 811 1282 misam
833 1205 902 1291 qni,
927 1205 1000 1271 siue
1026 1205 1157 1271 arbitris
1181 1204 1344 1271 Mericum
1369 1211 1523 1283 nanctus,

419 1310 655 1393 primumque
668 1308 704 1373 iu
719 1314 808 1375 statu
824 1306 1015 1393 reliquisset
1029 1306 1249 1392 Hispaniam,
1263 1306 1314 1394 (et
1325 1328 1437 1392 nuper
1446 1308 1523 1375 inde

419 1408 588 1495 venerat)
608 1409 761 1495 exponit.
804 1407 949 1473 ‘Omnia
970 1407 1138 1474 Romanis
1168 1408 1217 1473 ibi
1244 1409 1383 1475 obtineri
1409 1410 1524 1473 armis.

419 1511 530 1577 Posse
551 1530 640 1590 eum,
655 1511 686 1576 si
709 1529 825 1595 opere
849 1509 993 1595 pretium
1016 1508 1131 1588 iaciat,
1152 1510 1337 1595 principem
1351 1510 1523 1595 populari-

418 1634 478 1680 um
491 1634 587 1697 esse;
602 1634 663 1680 sen
677 1614 823 1679 militare
838 1632 916 1679 cum
928 1611 1105 1692 Romanis,
1120 1632 1179 1679 seu
1193 1612 1228 1677 iu
1242 1613 1386 1697 patriam
1400 1614 1524 1679 reverti

418 1716 533 1783 libent.
584 1717 725 1796 Contra,
749 1718 780 1781 si
805 1715 909 1781 malle
934 1714 1083 1781 obsideri
1108 1721 1234 1801 pergat,
1258 1734 1361 1800 quam
1388 1734 1489 1800 spem
1499 1723 1524 1764 ¹⁵

419 1837 495 1885 esse
519 1826 607 1884 terra
628 1819 779 1903 murique
798 1812 951 1883 clnusoi’
995 1815 1113 1882 Motus
1136 1816 1190 1881 bis
1206 1815 1366 1896 Mericus,
1381 1836 1461 1883 cnm
1475 1818 1526 1883 le·

418 1927 516 2005 gatos
544 1920 590 1985 nd
617 1919 817 1987 Macellum
847 1920 934 1985 mitti
962 1918 1159 2004 placuisset,
1182 1918 1319 1986 fratrem
1350 1920 1440 1985 iuter
1465 1940 1525 1986 ees

419 2024 544 2106 mittit;
567 2026 637 2109 qui,
661 2023 892 2109 pereundam
917 2022 1013 2088 ilium
1038 2022 1235 2108 Hispanum
1261 2030 1417 2089 secretus
1430 2020 1458 2063 ¹⁶
1480 2025 1524 2087 ab

419 2122 518 2191 aiiis‘
536 2125 580 2190 ad
596 2125 794 2191 Marcellum
808 2126 986 2204 deductus,
1001 2144 1078 2191 cum
1093 2124 1192 2190 fidem
1210 2126 1412 2210 accepisset,
1429 2144 1523 2191 cour·

419 2230 658 2313 posuissetque
671 2228 809 2310 mendae
822 2229 869 2293 rei
880 2228 1040 2306 ordinem,
1052 2226 1278 2293 Achradinam
1294 2228 1388 2293 redit.
1432 2227 1524 2292 Tum

320 2318 324 2330 ’
420 2330 581 2408 Moriens,
604 2336 643 2395 ut
668 2329 712 2394 ab
738 2330 930 2415 suspicione
953 2330 1160 2415 proditionis
1185 2334 1348 2395 namurci
1372 2330 1524 2395 omnium

420 2432 564 2511 suimus,
590 2438 691 2515 negat
709 2438 720 2471 ‘
732 2434 797 2497 sibi
819 2434 967 2517 placere,
992 2432 1122 2516 legatos
1146 2450 1334 2499 commeare
1361 2432 1452 2497 ultro
1477 2432 1525 2497 ci·

419 2540 550 2620 troque,
574 2555 684 2622 neque
709 2535 931 2622 recipiendum
945 2555 1150 2622 quenquam,
1173 2554 1282 2620 usquc
1305 2533 1525 2616 mittendum

419 2647 468 2717 et,
484 2659 552 2725 quo
574 2639 733 2704 intentius
756 2639 923 2705 custodias
942 2647 1129 2717 serventur,
1153 2645 1414 2723 opportnuu¹⁷¹
1435 2637 1526 2704 divi·

419 2740 529 2807 denda
549 2740 718 2826 praefectis
738 2761 829 2819 esse,
852 2746 887 2807 ut
909 2760 980 2808 susa
996 2741 1142 2827 quisque
1160 2741 1267 2826 partis
1281 2739 1433 2806 tutandae
1448 2759 1525 2806 reus

419 2841 510 2908 sit’h
553 2844 679 2910 Omnes
694 2845 824 2909 assensi
838 2851 915 2910 sunt
929 2846 1083 2929 partibus
1099 2841 1317 2908 dividuudis:
1338 2843 1407 2926 ipsi
1429 2845 1524 2926 regio

419 2947 529 3012 evcnit
543 2946 587 3010 ab
601 2943 768 3011 Arethusa
790 2947 878 3012 sonte
898 2964 1007 3031 usque
1029 2945 1073 3010 ad
1093 2945 1220 3010 ostium
1243 2943 1355 3027 magui
1379 2941 1525 3028 portus.i

878 3090 1059 3112 ‘mm

453 3178 484 3224 15
501 3173 587 3224 Sedeas
613 3171 682 3225 Edd.
702 3174 825 3239 adiges.
845 3174 878 3225 ad
901 3175 1083 3227 Gnoson-ln
1104 3175 1171 3226 Mas.
1188 3189 1265 3238 pana
1285 3187 1374 3224 omnes
1390 3180 1525 3224 moretm

420 3239 490 3289 nude
505 3240 651 3289 Gronovius
668 3241 805 3303 tegendum
822 3241 942 3304 putabat,
958 3241 987 3290 is
1002 3248 1128 3303 umerus,
1148 3240 1276 3304 probante
1294 3239 1371 3288 Cres.
1390 3249 1419 3288 er
1436 3241 1524 3290 Drak.

419 3303 574 3355 ‘Gronoaii
601 3305 767 3368 conjectura,
782 3305 809 3354 ia
826 3311 952 3368 ascretm,
973 3321 1037 3370 rapu
1057 3314 1120 3355 uant
1140 3305 1253 3369 adjecta
1272 3306 1382 3360 ansuis,
1402 3305 1432 3354 ad
1451 3305 1528 3355 ὦκ’

418 3369 612 3433 Doeriug.-1t
629 3370 748 3422 ‘Vocem
759 3371 820 3432 taes,
835 3385 911 3436 quaro
924 3369 992 3422 Edd.
1004 3323 1115 3435 addunt,
1134 3370 1230 3435 deteri,
1247 3369 1396 3436 qoiasbest
1412 3384 1429 3421 a
1449 3370 1527 3422 Mas?

451 3593 587 3645 ‘demas
600 3595 631 3645 st
647 3594 715 3659 aliis]
732 3595 839 3661 stupu,
855 3596 950 3660 qatpu·
1022 3605 1036 3642 s
1053 3597 1193 3662 Opportw
1206 3596 1280 3662 [bos]
1294 3596 1327 3647 In
1338 3597 1528 3662 manuscriptis

419 3673 518 3722 mess
537 3671 606 3720 ittasas
626 3671 762 3735 Hispuasu
780 3678 897 3722 musra
920 3671 951 3721 ab
989 3673 1154 3724 desideratur
1163 3672 1272 3732 sitacus
1289 3670 1423 3722 subaudiri
1435 3679 1526 3722 tarsen

419 3747 476 3798 stiia
491 3747 523 3796 ad
538 3747 683 3796 Msrsettsas
699 3749 823 3798 wactas.
855 3749 949 3798 Utrum
988 3749 1079 3813 debet,
1091 3758 1121 3800 ut
1131 3765 1190 3800 curu
1202 3749 1321 3804 dicimus,
1339 3749 1418 3812 pians
1432 3747 1527 3811 urbis;

419 3823 495 3876 maiis
505 3838 596 3888 parurn
607 3823 726 3885 interest,
733 3825 787 3873 sire
798 3825 905 3874 seorsim
916 3824 950 3874 sb
989 3832 1119 3892 apportans
1129 3833 1217 3876 sutem
1225 3825 1277 3874 diei
1286 3823 1408 3874 sidentur
1420 3838 1527 3888 respec-

420 3901 488 3957 altis,
506 3909 535 3949 ss
559 3904 676 3950 secretus
698 3901 793 3950 Marici
812 3900 895 3950 stater
915 3901 950 3952 sd
989 3911 1019 3954 tu
1036 3904 1157 3960 bestium,
1176 3917 1235 3968 que
1253 3904 1368 3968 ipsorum
1385 3901 1526 3953 conatibus

420 3975 573 4028 Marcellum
592 3974 721 4026 deductus
737 3976 815 4026 sitab
831 3976 950 4040 Hispano
990 3982 1070 4045 magis
1082 3981 1211 4044 exposita.

418 4052 950 4117 iiiomediatore3sirsbicipsemedistor,
1023 4055 1035 4090 ¹¹
1063 4057 1097 4105 Ut
1108 4052 1525 4120 napsispsepsrts'statsadaers·

419 4129 794 4192 cumiuenrsitstuisgstornna
804 4135 883 4187 esset,
893 4143 950 4180 sese
990 4147 1020 4182 as
1029 4131 1074 4195 sit]
1091 4133 1170 4182 Reuss
1185 4131 1252 4181 dicit
1265 4145 1314 4195 pro
1330 4145 1363 4180 eu
1375 4131 1421 4194 qui
1433 4139 1526 4180 seuu-

419 4206 455 4256 sb
476 4207 534 4255 aliis
562 4207 715 4262 secreverit,
743 4206 950 4270 premonitoqus
991 4219 1035 4260 sur
1052 4210 1136 4258 iocum
1151 4208 1200 4258 sibi
1215 4207 1342 4258 anditum
1355 4208 1435 4259 tueri.
1451 4207 1526 4258 (isti.

418 4280 951 4344 Marcetio,biaristtratrsmadeumde·
990 4285 1041 4352 asta
1067 4301 1110 4348 qur
1130 4285 1220 4334 ctam
1237 4285 1339 4349 dyada
1359 4286 1389 4334 ds
1410 4283 1525 4336 tm

419 4358 539 4410 duxerit:
563 4357 950 4422 uudsulbilappsretcurmu·
990 4361 1391 4429 qa'oataiaarsdssatssgarde.

419 4435 810 4503 tsadnuquioquasaridastur.
1025 4441 1087 4490 ¹Ad
1106 4439 1194 4490 natissa
1216 4439 1298 4502 sugat
1316 4437 1414 4503 pun]
1451 4438 1524 4490 iuter
