3259 5225
483 540 557 589 nir.
580 540 680 593 xxv.
702 542 784 593 car.
801 482 860 592 Ι32.
1129 532 1217 597 2141

117 684 206 751 lndc
231 688 479 771 quaestorem
503 685 663 770 presidio
689 687 734 751 ad
760 686 891 753 Nasum
914 688 957 753 nd
984 690 1217 775 accipiendam

116 789 301 873 pecuniam
322 788 447 870 regiam
468 787 788 874 custodiendamque
810 790 949 857 missus.
991 791 1082 859 Urbs
1105 795 1218 881 diripi-

117 890 210 957 enda
223 892 323 957 militi
343 890 428 956 data
448 897 514 969 est,
535 890 732 957 custodibus
745 891 866 959 divisis
880 912 942 978 per
955 894 1075 960 domos
1090 916 1216 978 eornm,

117 994 180 1079 qui
193 997 288 1061 intra
298 994 458 1081 presidia
472 993 627 1059 Romana
641 992 780 1059 fuerant
810 993 897 1061 Cum
911 996 1017 1061 multa
1027 997 1097 1073 irae,
1108 999 1218 1065 multa

116 1100 303 1177 avaritiae,⁴
315 1097 408 1165 t‘oeda
421 1098 579 1182 exempla
590 1096 780 1175 ederentur,
794 1094 1032 1176 Archimeden,
1048 1102 1216 1169 memorien

117 1201 289 1285 proditum
311 1207 375 1278 est,
405 1200 442 1266 in
466 1206 560 1265 anto
583 1200 922 1285 tumultu-quantum
946 1210 1049 1287 capta
1073 1205 1153 1269 urbs
1180 1205 1217 1271 in

117 1305 276 1371 discumu
291 1302 518 1388 diripientium
531 1302 675 1369 militum
689 1303 777 1368 ciere
794 1308 953 1388 poterat,⁵
974 1305 1137 1371 intentum
1153 1306 1219 1371 sor·

118 1408 211 1484 mio,⁰
230 1426 319 1491 quas
342 1408 379 1471 in
399 1404 538 1491 pulvere
562 1404 792 1489 descripserat,
813 1406 858 1472 ab
881 1406 993 1489 ignaro
1008 1408 1124 1486 milite,
1139 1409 1217 1493 quis

117 1515 226 1586 meet,
247 1507 480 1574 intersectum:
501 1528 591 1591 segre
605 1508 641 1573 id
658 1507 857 1575 Marcellum
870 1508 1000 1587 tulisse,
1020 1510 1218 1594 sepultura-

118 1632 188 1697 que
201 1631 319 1677 curam
332 1611 501 1694 babitam;
522 1618 558 1677 et
565 1610 766 1697 propinquis
776 1612 902 1676 etiarnp
915 1612 1083 1697 inquisitis
1097 1613 1217 1680 honori

119 1716 350 1801 praesidioque
361 1714 738 1781 nomeuecmemoriam
749 1712 825 1799 ejus
834 1712 958 1785 fuisse„
980 1712 1218 1785 Hocmaxima

118 1818 224 1883 modo
253 1818 433 1905 Syracusa
463 1824 597 1903 captoet
626 1818 808 1902 inquibus
833 1816 960 1902 praedae
988 1822 1113 1883 tantum
1141 1817 1218 1897 suit,

118 1929 284 2005 qnantum
294 1922 353 1987 vix
368 1928 470 2007 capta
479 1921 678 2005 Cartbagine
693 1930 764 1987 tum
779 1919 911 1996 suisset,
926 1940 1003 1987 cum
1014 1920 1218 2004 quariribus

118 2026 232 2110 requie
255 2027 452 2091 oertabatnr.
503 2026 631 2091 Paucis
654 2033 729 2091 ante
748 2026 884 2105 diebus,
915 2044 1017 2111 quam
1039 2026 1218 2109 Syracuse

116 2136 333 2213 caperentur,
356 2128 399 2193 Τ.
424 2128 594 2194 Otacilius
623 2148 700 2194 cum
722 2129 1019 2215 quinqueremibus
1044 2130 1218 2211 octogiuta

119 2230 263 2297 Uticam
277 2231 322 2297 ab
336 2230 490 2316 Lilybaeo
504 2230 699 2303 transmisit,
713 2238 761 2308 et,
775 2236 940 2297 comante
953 2230 1065 2295 lucem
1081 2238 1218 2314 portum

117 2334 296 2412 intrasset,
319 2334 493 2400 onerarias
513 2332 681 2398 frumento
705 2339 844 2402 onustas
865 2335 975 2419 cepit;
996 2352 1217 2418 egressusque

117 2438 155 2502 in
178 2441 312 2514 terram,
333 2434 561 2519 depopulatus
578 2442 631 2501 est
648 2435 857 2520 aliquantum
872 2437 943 2521 agri
958 2437 1053 2504 circa
1066 2436 1218 2517 Uticam,

118 2538 338 2624 praedemque
350 2538 461 2603 omnis
475 2537 606 2620 gmeris
620 2545 710 2603 retro
725 2537 769 2602 ad
783 2557 889 2604 naves
900 2539 980 2623 egit.
1026 2537 1218 2624 Lilybaeum

119 2642 220 2708 tertio
232 2641 300 2721 die,
320 2660 423 2726 qnam
437 2639 516 2705 iude
529 2639 700 2725 proiectus
720 2648 804 2722 erat,
827 2659 904 2707 cum
928 2647 1056 2708 centum
1082 2641 1219 2724 triginta

118 2744 281 2812 onerariis
294 2745 436 2810 naribus
448 2742 613 2809 smmeuto
626 2743 808 2828 praedaque
831 2744 962 2811 onustis
977 2744 1097 2825 rediit3
1117 2745 1218 2828 idque

117 2845 322 2912 immeritum
344 2845 515 2930 extemplo
539 2845 727 2929 Syracusas
750 2847 854 2911 misit.
898 2845 1003 2926 Quod
1028 2847 1063 2912 ui
1088 2853 1158 2912 tam
1180 2845 1218 2914 in

117 2957 270 3032 ternpore
280 2949 504 3028 subvenisset,
513 2949 701 3015 victoribus
709 2949 878 3036 victisque
889 2951 1013 3036 pariter
1024 2949 1218 3034 perniciosa

116 3049 226 3114 fames
241 3050 402 3116 instabat.

161 3151 221 3217 32.
250 3151 381 3218 Eadem
409 3156 529 3220 castate
555 3153 590 3218 iu
618 3151 803 3237 Hispania,
838 3173 915 3220 cum
946 3152 1083 3218 biennio
1113 3151 1217 3218 sermo

117 3253 204 3320 nihil
224 3253 405 3321 modum
424 3255 641 3321 memorabile
654 3255 780 3322 iactum
794 3263 897 3337 esset,
920 3255 1133 3340 consiliisque
1147 3273 1217 3320 ma·

583 3421 766 3445 mn

117 3519 372 3585 mundaret
382 3521 451 3585 conj.
467 3519 560 3573 uror:
576 3522 679 3587 ΒΜ.
695 3522 754 3574 Vid.
773 3522 837 3574 Not.
857 3522 971 3572 Van-d
988 3519 1060 3572 Olim
1070 3521 1218 3586 legebatur,

120 3586 187 3634 cn
205 3587 280 3637 nnita
298 3585 354 3649 ἕνα,
372 3588 448 3636 aba
466 3585 566 3637 badia
582 3588 793 3651 “vitiaque-t
809 3585 914 3638 Waket'.
932 3586 964 3637 ad
986 3587 1091 3638 Lucret.
1109 3601 1141 3638 ιι.
1159 3589 1217 3636 atr.
1330 3616 1331 3622 =

114 3650 342 3780 aedmm
358 3657 435 3717 scrpta
450 3652 555 3704 artis..
567 3651 643 3703 niet
659 3658 763 3717 peteret,
778 3653 839 3718 qnia
857 3653 883 3703 iu
899 3651 1019 3718 pluribus
1039 3652 1106 3703 Mas.
1122 3651 1218 3715 legitur

615 3829 724 3881 ΝΟΤΕ

118 3941 360 4010 „nomme
370 3948 471 4007 parrer,
482 3940 531 3992 sur
543 3948 588 3994 rut
599 3942 650 3993 rn-
721 3949 735 3985 r
752 3943 933 4009 epipam
942 3942 1026 4006 mm]
1043 3944 1125 3995 moer
1142 3941 1222 3996 urar.
1258 3927 1263 3938 '

117 4020 235 4086 publico
250 4019 372 4070 Romnae
382 4033 434 4070 uon
450 4018 560 4082 perinde
578 4019 651 4070 cordi
690 4034 778 4069 ueras
789 4027 819 4070 et
828 4021 901 4084 quari
910 4021 1070 4071 inviolabiles
1081 4035 1138 4070 esre
1148 4021 1219 4072 inter

113 4113 188 4163 erre,
199 4096 653 4162 aegloriamqnamconrecuturrit,
691 4096 761 4147 bella
778 4098 868 4148 liturae
888 4105 917 4148 et
937 4099 1071 4147 literarum
1092 4106 1219 4150 amanter.

115 4176 192 4242 quod
203 4175 319 4239 potuerit
329 4175 525 4226 arimathem
536 4188 643 4238 cepere.
690 4174 767 4225 Facit
781 4173 929 4239 exemplum
947 4172 1098 4231 Alexandri,
1110 4173 1219 4230 Pindari

149 4262 164 4287 ⁰
180 4250 406 4316 latemnsomir]
422 4251 569 4312 Schemate,
578 4258 606 4301 et
619 4249 651 4300 d·
690 4251 767 4301 domo
783 4259 809 4301 et
822 4251 971 4316 propinquis
983 4252 1008 4302 in
1022 4250 1167 4302 Thebarum
1178 4249 1219 4306 dt·

114 4345 199 4396 goras
216 4326 560 4382 matbematlcarfurnrarum
569 4328 651 4380 nomi·
691 4328 809 4393 ruptione
820 4328 939 4380 servatis.

116 4405 289 4472 naintedige.
