3259 5225
398 498 486 564 2134
871 486 907 557 i.
929 506 1022 556 nrvrr

400 662 507 739 deret,
530 664 565 724 et
587 677 663 723 cnm
684 654 811 739 ingenti
825 658 1015 719 commeatu
1032 652 1174 719 classem
1190 653 1357 721 Punicam
1379 654 1512 721 adren-

399 774 482 843 tare,
495 784 537 829 ne
555 761 656 827 simul
665 766 750 827 terra
758 758 905 842 marique
913 756 1066 821 inclusus
1077 758 1161 822 urbe
1172 758 1316 823 bostium
1324 764 1512 841 urgeretur,

400 886 591 955 quanquam
605 863 714 948 impar
735 879 873 925 numero
892 858 1026 924 narium
1042 863 1125 937 erat,
1139 860 1316 944 probibere
1332 860 1429 925 aditu
1446 862 1513 947 Sy·

400 988 595 1036 taenearum
620 965 844 1031 Bomilcarem
869 961 1052 1027 constitnit.
1097 961 1187 1028 Duae
1215 962 1345 1029 classes
1373 962 1513 1029 infestae

402 1075 494 1139 eirca
515 1069 773 1157 promontorium
797 1065 996 1149 Pachynum
1012 1065 1160 1144 stabant,
1176 1064 1232 1131 ubi
1249 1066 1358 1149 prima
1372 1062 1399 1105 ¹⁶
1422 1070 1515 1131 iruu-

402 1176 554 1261 quillitas
579 1171 680 1237 marie
709 1170 744 1234 in
766 1168 872 1234 altum
896 1168 1079 1246 erexisset,
1102 1186 1327 1234 concursuras.
1374 1167 1514 1251 Itaque,

404 1276 547 1344 cadente
555 1276 628 1361 jam
643 1274 762 1350 Euro,'²
776 1272 837 1357 qui
852 1289 913 1354 per
927 1269 1002 1337 dies
1017 1270 1149 1354 aliquot
1159 1272 1326 1350 servierat,
1338 1272 1432 1355 prior
1442 1272 1515 1336 Bo-

406 1382 525 1445 milcar
535 1380 657 1445 movit:
680 1376 779 1461 cujus
793 1375 901 1460 prima
915 1380 941 1423 ¹⁷
962 1372 1107 1438 classis¹
1122 1380 1237 1457 petere
1247 1374 1351 1440 altum
1360 1377 1439 1441 risa
1450 1380 1515 1450 est,

404 1503 473 1568 quo
489 1482 625 1548 facilius
638 1483 813 1565 superaret
827 1476 1100 1562 promontorium.
1139 1475 1306 1557 Ceterum,
1323 1485 1513 1563 postquam

403 1585 538 1652 tendere
562 1583 607 1649 ad
628 1602 666 1647 ee
689 1580 861 1647 Romanas
884 1598 987 1645 nares
1007 1578 1105 1655 vidit,
1120 1579 1284 1645 incertum
1304 1598 1373 1664 que
1391 1580 1516 1645 subita

403 1688 535 1753 territus
547 1706 594 1765 re,
609 1684 777 1751 Bomilcar
790 1682 868 1748 reia
888 1681 924 1745 in
939 1681 1042 1747 altum
1064 1680 1165 1760 dedit,
1180 1682 1365 1768 missisque
1382 1683 1515 1747 nuntiis

403 1790 633 1865 Heracleum,l
657 1788 718 1871 qni
738 1784 948 1851 onerarias¹⁸
970 1791 1059 1849 retro
1074 1784 1108 1848 iu
1122 1783 1276 1851 Africam
1292 1791 1442 1869 repetere
1457 1786 1514 1869 ju·

403 1894 527 1968 herent,
542 1890 628 1973 ipse,
643 1888 796 1953 Siciliam
815 1892 1069 1971 praeterrectns,
1089 1886 1267 1952 Tarentum
1289 1888 1383 1972 petit.
1428 1887 1515 1973 Epi·

403 1993 518 2079 cydon,
533 2012 555 2057 a
569 1997 663 2057 tanta
672 1998 810 2075 repente
824 1989 1006 2055 destitutus
1015 2008 1088 2074 spe,
1099 2008 1141 2054 ne
1151 1991 1186 2055 in
1198 1990 1405 2056 obsidionem
1417 2011 1514 2074 mag·

403 2117 447 2161 na
460 2115 506 2161 ex
521 2100 616 2180 parte
628 2100 740 2178 captae
752 2094 846 2159 urbis
857 2091 989 2167 rediret,
999 2091 1215 2177 Agrigentum
1226 2094 1371 2175 navigat,
1384 2112 1515 2177 expec-

404 2205 533 2265 tntnrns
548 2198 655 2280 mngle
668 2205 838 2273 eventum,
851 2215 951 2282 qnam
967 2196 1046 2259 inde
1060 2196 1243 2281 quicquam
1258 2203 1423 2261 moturus.

446 2299 504 2365 28.
526 2299 615 2380 Quae
636 2301 697 2365 ubi
719 2300 755 2363 in
774 2306 886 2365 cestra
901 2298 1114 2363 Siculorum¹
1136 2306 1218 2363 snut
1239 2300 1402 2378 nuntiate,
1428 2300 1512 2385 Epi·

404 2402 511 2486 cyden
532 2403 709 2487 Syracusis
730 2402 935 2479 excessisse,
957 2418 979 2465 a
1003 2398 1331 2483 Carthaginiensibus
1359 2400 1514 2467 relictam

404 2506 560 2584 insulam,
587 2513 624 2570 et
647 2524 753 2589 prope
775 2504 896 2568 iterum
921 2500 1086 2568 Romanis
1112 2503 1444 2586 traditam31egatoe
1471 2503 1513 2569 de

404 2607 655 2675 conditionibus
679 2605 844 2673 dedendae
871 2604 975 2685 urbis,
995 2606 1175 2689 explorata
1200 2608 1297 2691 prius
1320 2625 1380 2690 per
1403 2606 1513 2672 collo-

405 2713 487 2796 quia
501 2713 670 2778 voluntate
683 2729 811 2787 eorum,
824 2709 881 2795 qui
898 2709 1152 2789 obsidebantur,
1167 2709 1210 2774 ad
1226 2709 1425 2774 Marcellum
1438 2712 1514 2775 mit·

406 2821 487 2879 tunt.
532 2814 618 2880 (lum
647 2812 737 2878 baud
769 2812 872 2877 ferme
902 2811 1126 2896 discreparet,
1154 2813 1246 2896 quin,
1273 2831 1351 2896 quae
1382 2814 1512 2897 ubique

404 2936 520 3000 regum
543 2917 713 2996 fuissent,⁸
736 2914 971 2981 Romanorum
992 2922 1119 2992 essent,
1142 2913 1276 2979 Siculis,
1292 2922 1405 2979 cetera
1432 2934 1510 2980 cnm

856 3075 1041 3100 ”nomo-en

405 3179 436 3228 nb
447 3182 574 3229 tete-lo
590 3179 701 3229 Prienaee
715 3179 783 3230 Edd.
799 3187 860 3230 ente
873 3179 934 3232 Jac.
946 3179 1128 3230 tironum-ll
1145 3177 1263 3230 Melebet
1275 3179 1378 3232 Duker.
1393 3181 1514 3244 prr-bne.-

407 3248 438 3294 ts
455 3245 539 3295 Neeee
549 3244 649 3294 eddnnt
658 3243 726 3297 Edd.
736 3251 798 3296 ente
809 3246 926 3296 Gronov.

907 3389 1014 3443 NOTAE

439 3495 453 3520 ·
470 3487 629 3550 cedeetejen
638 3487 715 3552 lireu]
726 3488 778 3540 ilbi
786 3487 866 3539 desiit
876 3501 939 3538 reu·
1010 3486 1334 3552 'Ubiqneregeersm'reeet1
1344 3489 1426 3554 Atqui
1433 3497 1513 3540 enter

408 3569 450 3614 tm
466 3563 520 3622 ille,
528 3564 571 3628 qni
578 3565 680 3628 jemdin
691 3565 726 3616 eb
738 3564 850 3616 Oriente
860 3565 938 3616 rebe·
979 3564 1145 3614 dividebatur
1155 3565 1270 3614 Siclliae
1284 3564 1409 3616 Romanis
1418 3567 1445 3616 iu
1453 3581 1512 3631 pro·

406 3647 511 3690 menter
521 3638 643 3691 deseret.
979 3643 1089 3692 vinciam
1101 3643 1242 3707 proprium,
1259 3657 1312 3708 qen
1330 3645 1433 3695 seilicet
1447 3645 1514 3709 pulsi

437 3725 452 3752 ¹
476 3717 551 3779 cnr·
563 3717 643 3780 priene
663 3717 757 3782 claris]
782 3717 939 3784 Priusquam
978 3718 1082 3769 tuemur
1097 3719 1132 3768 eb
1148 3719 1211 3782 ipris
1231 3721 1471 3784 Carthaginienses,
1486 3729 1514 3770 et

408 3792 525 3843 Romane
535 3801 661 3845 mereret.
979 3795 1137 3846 inditionem
1146 3794 1270 3845 llierouie
1279 3809 1435 3861 regumque:
1445 3809 1514 3845 nunc

439 3869 617 3934 'Hereeleerel
634 3869 754 3936 Apparet
772 3870 840 3922 liene
855 3869 939 3922 llere-
979 3873 1103 3923 ridentur
1120 3878 1221 3932 contre,
1238 3884 1270 3920 ee
1284 3886 1342 3937 qne
1353 3871 1462 3921 ditionis
1473 3885 1512 3920 re·

309 3989 314 3992 .
406 3948 590 3998 eleemnrbem
600 3947 796 4006 Sieiliniuieee,
809 3948 940 4000 etrtetic·
980 3951 1031 4015 gie
1049 3947 1163 4006 luerent,
1181 3956 1261 4014 etque
1280 3947 1346 3998 adeo
1361 3949 1514 4012 syrienses,

407 4039 467 4074 nem
483 4025 509 4074 tu
520 4025 611 4075 littore
628 4025 805 4076 Meridicneti.
837 4025 881 4075 De
892 4025 940 4074 bec
980 4027 1071 4094 quibus
1082 4026 1231 4076 libertetem
1243 4032 1453 4086 ostentaverant,
1463 4025 1512 4075 eibi

408 4099 539 4151 Heraclea
558 4101 659 4166 Minoe,
678 4103 748 4152 iuter
766 4101 939 4165 Agrigentum
980 4103 1112 4154 rindicere
1132 4101 1215 4163 entier
1232 4116 1263 4150 ee
1280 4115 1343 4150 rero
1360 4115 1419 4166 ane
1441 4103 1512 4165 prins

407 4185 434 4226 et
445 4177 604 4228 Selinuntem
615 4179 675 4235 site,
682 4179 738 4242 jem
755 4177 876 4228 diximus.
980 4181 1031 4244 ipsi
1043 4178 1225 4243 precederent,
1235 4177 1348 4228 libertati
1365 4187 1394 4228 et
1408 4178 1511 4243 legibue

439 4253 493 4302 ⁸ln
508 4259 589 4303 cartre
608 4254 754 4319 Morem]
772 4255 867 4305 Eorum
890 4253 939 4304 eci·
979 4258 1032 4307 euie
1042 4256 1196 4320 relinquere.
1212 4253 1513 4308 veromentendebeut,

408 4329 481 4391 lieet,
503 4329 547 4396 qni
570 4329 741 4396 Hippocretie
764 4331 862 4383 militer
884 4328 940 4382 lue·
980 4331 1103 4396 uitellor,
1117 4333 1174 4381 been
1185 4339 1273 4395 prete,
1284 4337 1314 4380 nt
1329 4345 1388 4396 qun
1406 4331 1511 4396 proprie

284 4403 287 4410 '
407 4413 475 4457 rant.
982 4421 1082 4474 regum,
1093 4408 1120 4460 iri
1132 4414 1184 4473 eet,
1202 4407 1229 4458 iu
1249 4421 1339 4459 eornm
1355 4407 1511 4472 petrinoeio
