3259 5225
394 561 481 642 2380
867 575 901 622 r.
926 574 1020 622 urvrr

395 741 435 789 so
449 723 593 800 itinere,i
614 719 704 805 quud
718 720 807 803 ingre
827 721 936 785 simila
949 725 1031 798 erat,
1054 725 1168 784 castra
1182 714 1297 781 metari
1310 712 1440 779 Poenus
1449 709 1486 774 in

394 824 523 891 tumulo
538 842 637 907 super
651 821 798 887 fluminis
808 821 917 906 ripam
927 821 1049 902 vellet3
1064 820 1197 886 aduenit
1207 819 1325 883 livius
1336 814 1486 900 pediturn

395 928 547 993 omnibus
559 925 681 1010 copiis,
693 945 759 991 non
773 925 901 990 itineris
911 924 1026 1002 modo,
1037 923 1096 988 sed
1111 923 1155 989 ad
1169 918 1412 988 conserendum
1425 934 1487 980 ex·

394 1029 524 1112 templo
551 1025 708 1113 proelium
736 1027 907 1091 instructis
935 1027 1149 1110 armatisque.
1192 1023 1261 1089 Sed
1285 1021 1343 1085 ubi
1366 1037 1486 1083 omnes

396 1133 515 1216 copias
529 1129 783 1214 conjunxemut,
799 1128 987 1212 directaque
1000 1129 1092 1193 acies
1105 1134 1169 1204 est,
1184 1125 1351 1192 Claudius
1365 1123 1486 1188 dextro

394 1237 429 1300 in
450 1251 567 1310 como,
582 1231 698 1297 Livius
718 1232 761 1295 ab
776 1231 910 1296 sinistro
926 1249 1071 1314 pugnam
1091 1229 1244 1294 instmit:
1266 1227 1379 1292 media
1392 1227 1487 1290 acies

395 1336 529 1421 praetori
543 1334 670 1400 tuenda
680 1333 815 1399 datur.¹⁹
860 1331 1072 1411 Hasdrubal,
1084 1333 1209 1398 omissa
1217 1331 1398 1395 munitione
1411 1347 1487 1394 cas·

394 1443 530 1516 trorum,
545 1443 724 1522 postquam
735 1435 949 1521 pugnandum
964 1435 1059 1514 vidit,
1073 1434 1109 1498 in
1124 1435 1230 1519 prima
1245 1433 1319 1497 acie
1333 1439 1410 1497 anta
1421 1431 1488 1513 sig·

394 1559 438 1606 na
451 1539 643 1625 elephantos
656 1539 840 1604 collocat.¹⁰
873 1535 973 1602 Circa
987 1555 1049 1601 eos
1062 1536 1150 1601 laevo
1164 1536 1198 1599 iu
1211 1553 1313 1600 comu
1326 1533 1488 1598 adversus

396 1642 576 1710 Claudium
591 1641 713 1708 Gallos
727 1641 878 1726 opponit,
889 1638 976 1704 haud
992 1644 1121 1704 tantum
1137 1639 1188 1702 eis
1201 1636 1319 1713 fidens,
1329 1639 1488 1719 quantum
1526 1715 1533 1732 ο

395 1747 438 1812 ab
453 1747 548 1811 hoste
564 1745 670 1810 timeri
691 1764 752 1809 eos
775 1743 943 1808 credebat.
987 1742 1069 1826 Ipse
1084 1742 1237 1807 dextrum
1252 1759 1354 1805 cornu
1370 1739 1488 1804 adrer-

263 1919 268 1932 ,
395 1864 456 1912 sus
471 1847 522 1911 M.
537 1846 671 1911 Livium
687 1845 754 1910 sibi
769 1851 871 1928 atque
887 1843 1054 1929 Hispanis
1067 1843 1118 1928 (et
1133 1844 1184 1908 ibi
1206 1844 1352 1908 maxime
1371 1842 1407 1906 in
1429 1861 1488 1907 ve-

395 1953 462 2014 tere
478 1948 585 2014 milite
600 1968 694 2033 spem
716 1942 880 2031 habebat)
901 1947 1033 2012 sumsit.
1077 1946 1216 2030 Ligures
1235 1947 1271 2011 in
1283 1944 1393 2010 medio
1408 1949 1490 2028 post

395 2049 591 2134 elephantos
626 2049 752 2136 positi3
783 2050 843 2115 sed
868 2049 1007 2132 longior,
1030 2067 1133 2132 qnam
1156 2049 1266 2126 latior,
1291 2049 1383 2113 acies
1404 2052 1487 2113 erat.

395 2151 516 2218 Gallos
534 2153 724 2238 prominens
745 2153 844 2218 collis
870 2154 1015 2237 tegebat.
1057 2133 1227 2230 Balteus,
1243 2171 1343 2235 qoam
1360 2151 1488 2234 Hispa·

394 2254 431 2320 ni
457 2258 626 2334 tenebant,
651 2275 727 2320 cum
752 2256 885 2320 sinistro
915 2253 1140 2319 Romanomm
1172 2272 1278 2318 cumn
1311 2253 1489 2319 concurrit.

397 2357 531 2423 Dextra
560 2361 668 2424 omnis
696 2359 788 2424 acics
815 2363 913 2423 extra
938 2357 1090 2441 praelium
1118 2356 1286 2420 eminens*
1315 2357 1486 2421 cessabat.

395 2458 504 2526 Collis
526 2463 702 2544 oppositus
728 2461 876 2537 arcebat,
898 2479 941 2523 ue
962 2465 1022 2524 aut
1046 2479 1069 2523 a
1090 2458 1210 2536 fronte,
1236 2464 1294 2523 aut
1317 2459 1361 2523 ab
1382 2459 1488 2523 latere

396 2562 658 2647 aggrederentur.
702 2563 794 2629 luter
809 2561 944 2628 Livium
956 2560 1489 2645 Hasdmbalemqueingenscon·

395 2672 534 2731 tractum
549 2673 712 2733 certamen
727 2673 811 2743 erat,
827 2673 994 2747 atroxque
1009 2663 1123 2728 caedes
1139 2666 1305 2747 utrimque
1320 2664 1488 2729 edebatur.

395 2768 451 2833 Ibi
466 2768 569 2833 doces
584 2769 693 2844 ambo,
716 2769 764 2833 ibi
786 2786 865 2852 pars
885 2766 993 2851 major
1011 2767 1162 2851 peditum
1186 2768 1403 2851 equitumque
1417 2764 1489 2831 Ro·

394 2889 586 2951 manorum3
609 2871 656 2935 ibi
681 2869 840 2954 Hispani,
864 2876 958 2935 vetos
982 2870 1080 2934 miles
1105 2868 1298 2952 peritusque
1320 2867 1487 2933 Rommae

395 2992 529 3057 pugnae,
544 2982 580 3038 et
588 2972 736 3055 Ligures,
752 2971 871 3035 durum
881 2974 915 3035 iu
929 2974 1032 3036 anuis
1041 2991 1158 3055 genus.
1184 2971 1313 3036 Eodem
1322 2970 1413 3036 versi
1423 2971 1488 3035 cle·

395 3073 524 3159 phanti,
539 3076 598 3158 qui
613 3075 721 3158 primo
734 3077 861 3159 impetu
879 3076 1092 3139 turbaverant
1108 3076 1353 3156 antesignanos,
1373 3075 1488 3159 etjam

395 3178 492 3260 signa
513 3184 684 3244 moverant
704 3178 824 3258 luco;¹
845 3176 966 3241 deiude
989 3184 1160 3242 crescente
1179 3177 1357 3243 certamine
1373 3183 1407 3241 et
1419 3177 1488 3241 cla·

394 3298 500 3358 more,
529 3281 747 3363 impotentius
768 3278 842 3364 jam
865 3280 945 3362 regi,
968 3285 1002 3343 et
1023 3281 1105 3345 inter
1123 3279 1208 3343 duas
1231 3281 1323 3344 acies
1348 3280 1489 3355 versari,

394 3380 489 3447 velut
503 3381 622 3447 incerti
634 3402 776 3467 quorum
786 3389 920 3464 esseut3
942 3382 1030 3447 haud
1042 3382 1250 3447 dissimiliter
1259 3382 1401 3447 navibus
1417 3382 1489 3447 sine

395 3482 619 3567 gubernaculo
631 3485 754 3568 vagis!
789 3483 965 3563 Claudius,
987 3483 1100 3563 ‘Quid
1116 3505 1192 3568 ergo
1206 3486 1372 3575 praecipiti
1387 3502 1489 3549 cursu

417 3692 440 3738 ΔΙ
457 3686 1067 3753 Noorceuocaorergaderaerrlodertitrrtae‚t5a
1193 3677 1199 3689 '

852 3826 1032 3854 nmo

427 3934 460 3982 19
475 3930 645 3995 ‘cantabrig
654 3934 719 3983 dota.
742 3930 778 3982 Et
787 3931 825 3982 ric
834 3933 919 3984 rolant
928 3940 1037 3983 mutare.
1061 3932 1123 3993 Ipse
1135 3930 1235 3981 Neuter
1243 3929 1340 3988 rtatim,
1351 3930 1491 3993 Umatia

394 3996 470 4046 mio
482 4002 537 4060 port
551 3998 685 4061 elephantos
700 3998 785 4063 periti,
793 4012 851 4047 cum
862 4006 961 4062 porret,
969 3997 1106 4061 pamm!
1121 3996 1181 4047 Jac.
1193 3996 1341 4047 (irum-w
1358 3995 1400 4045 Aa
1421 3995 1490 4045 Blia-

395 4063 579 4113 mammaea
589 4064 801 4127 precelleret-1
819 4063 895 4114 ‘Pro
910 4064 1014 4113 mm
1028 4062 1112 4112 Drak.
1130 4062 1197 4127 conj.
1212 4060 1311 4111 eniam.
1339 4061 1419 4110 Forte
1437 4061 1491 4124 leg.

891 4224 998 4277 NO'I'AE

427 4318 545 4369 romara
553 4318 650 4386 itione]
666 4320 736 4389 Gall.
751 4322 835 4389 Agunt
846 4322 922 4388 quitti
962 4323 1102 4374 luceant
1110 4324 1193 4387 maort
1203 4327 1227 4374 et
1236 4322 1388 4382 farreum
1402 4322 1489 4385 lupre-

395 4396 531 4450 umato.
962 4401 1115 4464 mineligar.

429 4474 511 4523 'dom
537 4474 608 4537 rim
633 4482 753 4527 mm
778 4476 839 4542 lece]
855 4476 923 4529 Gall.
1123 4481 1125 4486 '
