3259 5225
372 494 459 561 2432
842 506 877 559 r.
900 508 995 559 arrrr

373 654 450 719 dem
474 652 627 718 volutare
652 654 687 717 in
715 652 839 732 animo,
863 654 929 719 boc
954 654 1069 738 palam
1093 653 1244 736 fremere,
1268 654 1361 740 quod
1387 674 1473 735 non,

372 755 652 842 quemadmodum
674 756 848 821 Hannibal
874 757 911 820 in
938 755 1051 835 ltalia,
1081 756 1133 823 sic
1154 757 1275 841 Scipio
1296 758 1334 827 in
1354 754 1474 823 Africa

373 859 498 923 bellum
510 856 660 941 gereret!
703 858 833 943 Scipio,
847 859 973 925 soedere
986 863 1056 926 icto
1071 882 1150 927 cum
1161 861 1329 946 Syphace,
1339 860 1473 945 proiec-

375 969 432 1026 tus
449 972 495 1025 ex
509 960 638 1039 Ainea,
653 961 835 1047 dubiisque
851 970 886 1029 et
900 964 1097 1048 plerumque
1110 966 1215 1030 saeris
1227 963 1263 1027 in
1276 962 1349 1029 alto
1359 963 1474 1048 jacta·

375 1072 432 1129 tus
447 1064 566 1143 ventis,
583 1065 769 1151 diequarte
786 1067 898 1133 Norae
910 1065 1128 1150 Carthaginis
1141 1073 1278 1151 portum
1291 1068 1408 1131 tenuit.

377 1196 380 1203 ·
420 1166 476 1233 19.
498 1168 679 1253 Hispaniae
688 1170 905 1237 sicutabello
915 1170 1049 1235 Punico
1059 1171 1182 1255 quietae
1193 1176 1300 1248 erant,
1312 1169 1362 1234 ita
1371 1186 1476 1253 quas·

374 1270 456 1335 dam
480 1271 648 1350 ciuitates,
672 1280 809 1359 propter
831 1274 1075 1339 conscientiam
1095 1272 1218 1357 culpas,
1239 1278 1329 1338 metu
1353 1262 1476 1356 magis,

376 1392 479 1457 quam
494 1372 575 1452 lide,
589 1376 722 1459 quietas
735 1396 810 1441 esse
825 1376 1033 1462 apparebat:
1056 1394 1197 1459 quarum
1210 1374 1357 1440 maxime
1371 1375 1477 1458 insig-

375 1494 440 1541 nes
455 1482 489 1543 et
501 1464 726 1560 magnitudine
742 1486 777 1545 et
790 1498 881 1545 noxa
894 1478 1041 1559 illiturgi
1054 1486 1089 1544 et
1101 1477 1246 1544 Castulo
1257 1483 1363 1543 erant.
1388 1475 1477 1542 Cas·

377 1578 499 1657 tulo,¹·
524 1598 600 1645 cum
615 1582 789 1665 prosperis
802 1582 902 1647 rebus
918 1582 1170 1660 sociiiuissent,
1185 1586 1476 1665 postomsoscnm

379 1680 590 1748 exercitibus
609 1682 787 1768 Scipiones
797 1684 988 1751 defecerant
996 1684 1041 1750 ad
1051 1684 1193 1749 Poenos.
1235 1682 1478 1765 illiturgitani⁸

377 1783 566 1869 prodendis,
579 1785 637 1870 qui
653 1806 699 1851 ex
712 1787 773 1852 illa
788 1786 886 1852 clade
899 1786 944 1853 ad
955 1806 1017 1853 eos
1030 1786 1268 1871 perlegerant,l
1278 1784 1478 1851 internosse

379 1886 500 1972 disque
514 1888 625 1953 scelus
635 1890 738 1955 etiam
752 1888 935 1956 defectioni
949 1890 1157 1957 addiderant
1200 1889 1241 1954 In
1255 1908 1316 1955 ecs
1330 1888 1479 1974 populos

378 1990 488 2072 primo
503 1988 660 2070 adventu,
675 2012 752 2058 cum
767 1992 880 2059 dubiae
895 1991 1077 2078 Hispaniae
1091 2000 1211 2071 essent
1226 1992 1349 2058 merito
1357 1990 1479 2073 magis,

379 2110 482 2177 quam
497 2092 634 2172 utiliter,
648 2095 803 2161 neritum
818 2096 913 2161 ieret.
955 2097 1066 2176 Tunc,
1081 2097 1154 2181 jam
1168 2095 1354 2179 tranquillis
1367 2095 1480 2170 reim,

380 2193 463 2280 quia
476 2199 611 2280 tempus
625 2197 824 2281 expetendae
838 2218 952 2283 poenae
970 2200 1145 2265 ridebatur
1165 2198 1313 2275 venisse,
1334 2198 1481 2262 accitum

381 2297 425 2363 ab
446 2295 639 2365 Tarracone
658 2298 698 2365 L.
718 2300 885 2369 Marcium
905 2323 984 2369 oum
1009 2304 1108 2370 tertia
1126 2308 1221 2387 parta
1239 2303 1416 2386 copiarum
1434 2299 1481 2366 ad

380 2398 601 2465 Castulonem
617 2405 875 2489 oppuguandam
889 2406 1010 2471 mittit:
1025 2408 1101 2490 ipse
1115 2424 1191 2471 cum
1202 2412 1315 2470 cetero
1326 2402 1481 2469 exercitu

382 2504 507 2589 quintis
521 2504 623 2571 ferme
641 2506 684 2571 ad
700 2506 867 2591 Illiturgin
883 2510 1003 2575 castris
1017 2508 1177 2593 pervenit.
1231 2506 1370 2573 Clausae
1385 2512 1483 2571 erant

378 2614 502 2692 porte,
525 2607 704 2694 omniaque
717 2610 880 2676 instructa
893 2618 927 2677 et
941 2618 1059 2696 parata
1074 2610 1119 2676 ad
1135 2610 1416 2696 oppugnationem
1431 2603 1485 2674 ar·

383 2709 544 2774 cendam:
569 2710 657 2776 adeo
686 2713 909 2791 conscientia,
934 2715 1016 2798 quid
1042 2733 1080 2779 ae
1100 2714 1240 2778 meritos
1265 2713 1399 2791 scirent,
1420 2730 1483 2797 pro

380 2811 514 2878 indicto
537 2813 589 2878 eis
609 2810 699 2880 bello
723 2813 843 2882 iuerat.
887 2815 977 2882 Hinc
992 2823 1026 2882 et
1045 2815 1191 2882 hortari³
1214 2815 1340 2881 milites
1361 2815 1483 2900 Scipio

383 2931 481 2980 omna
497 2922 571 2980 est:
593 2916 718 3000 ‘Ipsos
733 2919 934 2986 claudendis
952 2923 1080 3005 portis4
1097 2920 1269 2986 indicasse
1289 2918 1484 3004 Hispanos,

379 3017 480 3103 qaid,
496 3025 535 3082 nt
548 3017 708 3098 timerent,
723 3023 832 3088 meriti
843 3029 966 3088 essent
1009 3023 1130 3109 Itaque
1141 3023 1246 3089 multo
1255 3021 1485 3088 infestioribus

379 3122 503 3188 animis
524 3143 601 3188 cnm
619 3124 675 3203 iis,
700 3143 798 3210 quam
820 3145 895 3192 cum
919 3124 1263 3212 Carthaginiensibus,
1283 3125 1411 3190 bellam
1427 3143 1487 3209 ge·

380 3213 520 3290 'rendum
543 3245 633 3292 esse.
686 3225 827 3312 Quippe
843 3249 918 3294 cnm
933 3229 1002 3293 illis
1018 3249 1123 3313 prope
1138 3230 1211 3294 sine
1223 3229 1273 3292 ira
1286 3230 1330 3294 de
1342 3228 1486 3314 irnperio

385 3332 420 3392 et
433 3326 542 3409 gloria
556 3329 697 3410 certari;
713 3330 756 3394 ab
770 3330 849 3394 his⁵
864 3329 1015 3415 perfidiae
1030 3338 1064 3396 et
1078 3331 1288 3397 crudelitatis
1303 3337 1339 3394 et
1349 3330 1487 3396 sceleris

282 3465 284 3470 ·
386 3448 506 3515 poenas
523 3432 733 3515 expetendas
755 3453 845 3499 esse.
888 3433 1036 3500 Venisse
1055 3442 1203 3518 tempus,
1223 3453 1292 3518 qno
1317 3440 1351 3498 ct
1371 3432 1486 3498 nesan-

382 3531 465 3598 dam
481 3533 744 3600 commilitonum
757 3555 886 3615 aecem,
901 3543 934 3601 et
945 3538 979 3602 in
994 3538 1217 3621 semetipsos,
1231 3537 1263 3600 si
1276 3534 1394 3601 eodem
1404 3537 1489 3620 iuga

420 3722 434 3758 ⁴
452 3726 1056 3796 Mndolrasdlaqarrtoacidesdomqricaeac
1064 3729 1459 3795 emesenam-surena

849 3891 1034 3914 omum

425 4010 441 4056 l
457 4005 466 4035 ‘
481 4007 579 4058 ceras
589 4021 638 4072 pro
652 4009 841 4072 catatonum,
857 4007 941 4074 (qnod
962 4008 1061 4071 primur
1081 4007 1198 4070 reposuit
1218 4002 1382 4069 smera)
1401 4017 1491 4054 omues

391 4069 450 4126 iere
466 4073 533 4123 Mar.
544 4081 574 4123 et
586 4073 654 4123 Edd.
667 4073 741 4125 anit!
761 4075 911 4138 linwert-2
928 4074 1014 4138 Vulgo
1029 4072 1090 4124 olim
1107 4071 1243 4132 legebatur
1252 4070 1421 4128 down-s
1438 4071 1492 4124 llar-

383 4137 486 4210 ,tonan
496 4139 580 4190 Gron.
595 4139 754 4204 nasjan-d
773 4141 908 4192 Gluadeado
923 4147 1006 4204 parter
1016 4138 1099 4189 Gron.
1111 4136 1222 4202 Dcrrjut.
1233 4135 1297 4187 Put.
1307 4150 1371 4187 aare
1381 4135 1493 4186 cloades·

883 4285 910 4336 N
913 4277 994 4335 01·AE

567 4407 579 4435 ¹
596 4401 705 4468 cantic]
718 4401 763 4452 Sic
778 4401 888 4467 scripti:
902 4398 1010 4453 Carmo
1024 4393 1321 4464 procartolcaaatibm.
