3259 5225
365 507 452 575 2270
832 525 867 574 u.
892 525 988 574 urvrr
1097 547 1100 560 ·

406 669 463 733 50.
485 666 633 752 Captiva
645 668 767 739 deinde
782 687 805 733 a
822 668 986 734 militibus
1004 667 1183 734 adducitur
1197 667 1243 734 ad
1257 687 1334 734 sum
1347 667 1468 751 adulta

363 771 472 854 virgo,
487 770 574 836 adeo
587 771 712 839 eximia
735 770 852 848 forma,
869 778 919 848 ut,
940 789 1153 857 quacumque
1178 770 1367 850 incedebat,
1380 761 1468 838 'oon-

363 879 506 940 verteret
520 875 671 938 omnium
684 875 813 939 oculos.
852 873 981 959 Scipio,
997 880 1234 958 percunctatus
1246 876 1392 957 patriam
1407 893 1470 957 pur

363 983 567 1059 nentesque,¹
586 975 672 1041 inter
685 984 799 1042 cetera
814 977 958 1060 accepit,
972 976 1172 1062 desponsam
1185 983 1214 1014 ²⁰
1236 995 1309 1040 eam
1321 975 1468 1060 principi

365 1078 611 1145 Celtiberorum
626 1078 850 1146 adolescenti:
873 1080 1010 1146 Allucio
1025 1100 1143 1146 nomeu
1159 1087 1256 1148 erate
1285 1079 1468 1162 Extemplo

364 1182 466 1264 igitur
479 1182 676 1267 parentibus
691 1201 887 1268 sponsoque
901 1185 945 1248 ab
968 1183 1069 1250 domo
1092 1185 1226 1263 accitis,
1242 1201 1319 1250 oum
1334 1179 1468 1248 interim

364 1283 505 1363 audiret,
524 1285 674 1369 deperire
692 1305 768 1350 enm
790 1306 928 1370 sponsae
952 1293 1091 1364 amore,¹
1122 1287 1179 1351 nbi
1199 1285 1342 1369 primum
1360 1285 1467 1360 venit,

363 1387 574 1452 accuratiora
588 1407 665 1452 enm
679 1407 844 1467 sermone,
858 1409 960 1474 quam
976 1395 1144 1472 parentas,
1159 1388 1350 1473 alloquitur.
1383 1386 1428 1452 ‘J
1430 1405 1468 1451 u·

363 1488 481 1568 ronis,’
493 1489 633 1575 inqnit,‘
637 1491 793 1576 juvenem
808 1493 974 1575 appello,⁴
994 1511 1062 1575 quo
1089 1490 1218 1556 minor¹
1242 1489 1287 1554 sit
1301 1489 1385 1553 iuter
1400 1508 1466 1554 uos

363 1591 463 1676 hujus
485 1595 648 1659 sermonis
673 1595 883 1662 verecundia.
928 1593 1013 1676 Ego,
1035 1613 1113 1659 cum
1128 1611 1257 1678 sponsa
1281 1598 1339 1656 tua
1364 1595 1468 1674 capta

364 1713 387 1759 a
397 1694 560 1761 militibus
573 1697 696 1762 noetus
711 1696 757 1761 ad
771 1717 824 1761 mo
834 1696 937 1762 ducta
947 1703 1064 1774 esset:
1075 1693 1300 1778 audiremque,
1313 1711 1387 1756 eam
1402 1693 1467 1758 tibi

365 1796 461 1863 cordi
473 1817 564 1877 esse,
578 1806 615 1863 et
628 1798 735 1864 forma
749 1798 877 1864 faceret
889 1799 1001 1877 iidem,
1014 1799 1095 1883 quia
1117 1799 1202 1882 ipse,
1226 1798 1256 1860 si
1270 1796 1334 1860 frui
1349 1795 1468 1862 liceret

363 1898 444 1964 ludo
458 1901 578 1980 atatis,
603 1897 805 1987 (praesertim
829 1910 925 1966 recto
946 1909 981 1967 et
1003 1901 1156 1985 legitimo
1180 1918 1290 1964 amore
1303 1896 1334 1982 ²)
1353 1901 1388 1961 et
1400 1916 1467 1962 nou

364 2003 568 2087 respublica
581 2004 730 2068 animum
754 2010 902 2070 nostrum
919 2009 1132 2089 occupasset,
1149 2003 1280 2068 ueniam
1297 2001 1378 2066 mibi
1393 1999 1466 2066 dari

364 2125 524 2190 sponsam
552 2106 739 2190 impensius
760 2108 887 2174 amanti
911 2107 1060 2187 vellem3
1091 2113 1159 2186 tuo,
1184 2105 1286 2190 cujus
1313 2123 1466 2188 possum

363 2208 471 2273 amori
484 2209 597 2274 faveo.
641 2208 723 2275 Fuit
736 2229 866 2293 sponsa
881 2218 941 2275 tna
956 2209 1047 2293 apud
1062 2228 1113 2275 mo
1133 2209 1260 2286 eadem,
1279 2227 1348 2291 qua
1371 2204 1467 2289 apud

363 2330 498 2376 soceros
514 2317 592 2376 tuos
604 2316 828 2396 parentesque
837 2331 932 2390 suoS,
945 2311 1164 2378 verecundia:
1178 2317 1316 2374 servata
1326 2309 1387 2373 tibi
1398 2317 1466 2388 est,

364 2417 402 2476 ut
416 2412 613 2478 inviolatum
628 2419 663 2477 et
677 2411 814 2494 dignum
832 2433 885 2477 me
900 2421 999 2498 teque
1024 2412 1097 2486 dari
1118 2414 1178 2478 tibi
1195 2412 1319 2478 donum
1334 2419 1465 2495 posset.

364 2512 468 2580 Hauc
483 2513 672 2580 mercedem
684 2535 783 2580 unam
796 2535 858 2600 pro
870 2534 913 2581 eo
929 2535 1064 2582 munero
1077 2515 1253 2599 paciscor:
1268 2515 1467 2598 amiouapo-

822 2825 958 2848 ΟΟΟΟΟ
960 2826 1004 2848 m

396 2926 432 2993 ab
448 2940 492 2992 ΑΙ.
570 2902 576 2918 .
620 2948 687 3002 tem
701 2950 730 2993 et
747 2945 825 3007 penio
843 2949 902 3007 port
922 2945 1064 2995 edeieemti
1082 2945 1121 2995 rai
1135 2942 1238 2993 lurae.
1281 2942 1382 3008 Optimi
1400 2944 1467 2999 ldae.

363 3006 517 3058 Arm-r
562 3010 580 3058 l.
597 3024 655 3058 enm
674 3009 799 3058 Rbeneno
815 3024 859 3073 quo
878 3010 970 3065 minem·
990 3010 1049 3058 dein
1068 3012 1168 3059 deducte
1185 3010 1262 3072 paulo
1279 3009 1354 3059 infre.
1388 3011 1466 3073 conj.

364 3072 446 3122 Gran.
456 3074 617 3125 muana-a
627 3074 691 3124 Vel.
700 3073 747 3125 lib.
758 3074 828 3139 apud
838 3075 927 3136 Sigon.
942 3076 1078 3137 prasertim
1087 3076 1176 3137 ilieeie,
1186 3080 1249 3125 reete
1258 3075 1366 3137 reglum
1375 3089 1464 3126 meme.

856 3240 967 3291 NOTAE

395 3343 409 3369 ¹
425 3335 802 3401 septemtionalem
809 3354 896 3401 poree·
935 3338 996 3388 milri
1007 3338 1093 3389 verior
1110 3338 1212 3388 ridetur
1232 3336 1354 3401 loquendi
1372 3335 1466 3403 forma,

363 3413 454 3479 ternae]
477 3413 601 3464 Scribant
618 3415 688 3466 Flor.
702 3421 731 3464 et
749 3424 841 3465 auetor
862 3416 895 3464 de
935 3416 1051 3480 quamuis
1063 3422 1092 3465 ut
1111 3414 1248 3479 plurimum
1266 3414 1372 3476 deperire
1387 3428 1466 3478 epon-

362 3490 420 3540 Vir.
431 3490 532 3540 llluetr.
540 3489 652 3539 retulere
662 3490 808 3555 Scipionem
822 3491 853 3539 ad
866 3505 896 3540 se
934 3508 987 3543 eam
1000 3493 1042 3542 rel
1057 3494 1169 3557 puellam
1178 3504 1286 3555 epomur
1297 3494 1344 3539 aut
1353 3490 1465 3541 emuiue

363 3565 490 3629 virginem
509 3564 613 3625 adduci,
623 3580 658 3616 ne
668 3580 701 3616 ea
717 3567 771 3615 risa
787 3566 895 3617 nimium
936 3569 1046 3619 dicetur.

362 3644 561 3704 exardesceret,
575 3650 623 3693 eut
637 3644 679 3693 rel
697 3644 780 3694 oenllr
796 3644 895 3709 aliquid
967 3656 980 3684 ⁸
997 3653 1036 3701 Λα
1053 3667 1091 3701 eia
1107 3651 1179 3700 dueta
1194 3648 1266 3712 meet]
1289 3648 1332 3699 lte
1347 3656 1422 3699 reete
1438 3650 1466 3699 in

363 3720 397 3771 de
416 3719 572 3784 virginitatis
593 3719 746 3783 integritate
766 3720 896 3771 delibasse
935 3728 1128 3791 manuscriptis.
1171 3726 1238 3775 Nam
1261 3726 1362 3775 murae
1381 3724 1466 3789 (quod

362 3796 506 3847 videretur.
539 3796 616 3849 Quod
635 3810 669 3846 an
689 3796 794 3861 majoris
812 3798 895 3847 conti·
935 3804 1012 3865 vrrlgu
1023 3802 1132 3868 legitur)
1143 3800 1206 3852 licet
1217 3800 1250 3851 de
1263 3816 1356 3865 sponsa
1368 3802 1400 3852 ed
1413 3817 1466 3852 me·

362 3874 460 3923 nentia
480 3871 569 3931 suerit,
585 3888 661 3938 qnam
680 3873 823 3925 Alexandri
841 3874 895 3926 fec·
935 3880 1012 3929 ritum
1024 3880 1176 3935 diciroleet,
1187 3890 1352 3943 eapernmen
1371 3878 1398 3927 in
1410 3892 1464 3928 ma·

362 3951 894 4016 torn,Dariidlieeforrneeximieeedmit·
934 3956 984 4004 lem
997 3962 1096 4017 partem
1114 3961 1256 4016 usurpatur
1275 3954 1307 4002 de
1328 3954 1412 4004 eroice
1431 3956 1465 4004 ed

363 4030 443 4081 lentie
461 4029 493 4080 ed
513 4031 660 4096 alloqnlum,
672 4036 700 4081 et
715 4030 748 4080 ab
766 4032 798 4082 iia
814 4032 894 4083 abuti·
934 4040 1072 4095 ementem,
1083 4038 1112 4080 ut
1130 4029 1198 4093 apud
1216 4028 1276 4078 ctu·
1287 4031 1296 4059 ‘
1307 4029 1400 4078 'l'ertie
1419 4028 1466 4079 de·

363 4108 458 4165 nentia,
469 4107 609 4171 qnaeritnrn
617 4107 686 4157 iuter
695 4108 894 4159 declamatores.
933 4106 1030 4158 dueta?
1049 4108 1111 4157 Non
1122 4106 1168 4156 ebe
1179 4105 1303 4167 reiteque
1315 4104 1365 4153 elio
1377 4106 1465 4169 potine

369 4184 518 4234 ·!Alteeie
536 4200 620 4235 meree
641 4185 706 4248 mut]
738 4186 893 4237 Plutarclrur
933 4187 1022 4249 verbo,
1031 4201 1079 4236 neo
1089 4185 1210 4247 emblguo
1220 4183 1343 4233 utendum
1355 4184 1397 4234 bie
1407 4184 1464 4234 Sci-

363 4261 476 4311 Iueeiem
496 4268 582 4316 eocet,
604 4261 649 4311 elii
674 4262 824 4328 Indibilem,
845 4265 892 4314 red
932 4266 1002 4329 pioni
1014 4277 1137 4327 sponsum
1150 4260 1255 4325 virginis
1270 4260 1412 4326 alloquenti
1424 4258 1466 4311 l'u·

364 4336 544 4399 maleouinor·
933 4340 1106 4393 inculcetur.

396 4412 601 4475 ¹Deperireeum
611 4415 802 4479 rpemoecmore]
828 4418 893 4467 Hec
