3259 5225
485 523 556 572 urs.
583 520 713 602 xsvrr.
735 518 821 571 err.
842 503 896 572 36.
1148 501 1238 570 Μ

132 671 230 736 tinne
253 667 354 734 etiam
378 667 494 750 gratiae
520 685 633 732 eorum
657 668 691 731 in
717 669 833 730 senatu
855 670 967 731 summ
985 667 1051 745 est,
1070 663 1239 748 principie

132 772 226 838 facto
251 791 273 838 a
297 770 343 851 Q.
366 770 478 837 Fabio
502 770 671 837 Maximo.
715 768 908 835 Inimicitiae
927 773 1037 833 autern
1059 768 1240 833 nobilesv·

133 876 226 941 iuter.
243 893 304 941 eos
319 880 426 956 eraut,
440 879 474 939 et
493 873 685 939 acerbiores
699 891 759 938 eas
773 871 1048 956 indignioresque
1062 870 1163 938 Livio
1178 891 1242 938 sua

134 977 311 1043 adamitas
324 975 476 1056 ieceratf
489 974 581 1060 quod
597 981 744 1061 spretum
759 993 796 1040 se
810 976 845 1039 in
860 993 903 1038 ea
916 974 1051 1039 senuna
1064 973 1241 1041 credebat.

136 1079 263 1165 Itaque
285 1079 317 1144 is
337 1080 445 1163 magis
467 1078 692 1165 implacabilis
707 1085 790 1157 erat,
806 1085 853 1156 et,
876 1077 984 1143 ‘nibil
998 1096 1087 1162 opus
1101 1097 1176 1142 esse
1189 1097 1242 1142 re·

136 1181 399 1263 conciliatione,'
414 1183 537 1248 aiebat.
560 1180 705 1246 ‘Acrius
719 1189 755 1247 et
768 1179 929 1247 intentius
943 1179 1057 1245 omnia
1071 1191 1242 1264 gesturus,

136 1287 294 1351 timentes
309 1305 350 1350 ne
366 1284 540 1352 crescendi
562 1303 609 1350 ex
630 1305 668 1350 se
686 1284 825 1351 inimice
849 1283 987 1365 eollegae
1012 1287 1167 1367 potestas
1185 1281 1243 1347 tie·

137 1387 223 1454 ret.'¹
263 1387 362 1454 Vicit
374 1394 484 1454 temen
498 1389 687 1455 auctoritas
700 1394 851 1465 senatus,
866 1391 916 1466 ut,
929 1385 1052 1470 positis
1068 1385 1245 1452 simultati·
1325 1469 1335 1484 .

136 1489 219 1570 bus,
231 1491 400 1556 communi
414 1489 528 1556 auimo
542 1488 752 1576 consilioque
767 1488 1037 1556 administrarent
1048 1509 1120 1554 rem
1134 1489 1246 1574 publi·

78 1649 82 1656 .
138 1611 228 1657 eam.
270 1592 462 1658 Provincias
486 1591 530 1658 iis
554 1613 620 1659 nou
643 1594 824 1678 permixtas
838 1588 1057 1677 regionibns,'
1074 1593 1164 1659 sieut
1188 1611 1245 1660 su·

138 1695 328 1778 perietibus
342 1695 447 1774 aunis,
457 1695 516 1761 sed
532 1695 676 1762 diversa
692 1697 853 1762 extremis
869 1695 979 1762 ltaliae
995 1695 1135 1776 tinibus,
1147 1695 1247 1761 alteri

141 1795 307 1862 adversus
322 1796 550 1863 Hannibalern
564 1799 699 1878 Bruttii,
713 1799 867 1880 Luaaui3
890 1797 985 1864 alteri
999 1797 1116 1865 Gallia
1129 1797 1247 1864 adver·

141 1918 204 1964 sus
218 1899 464 1965 Hasdrubalem
477 1897 592 1986 (quem
602 1901 675 1986 jam
686 1899 853 1987 Alpibus⁸
867 1902 1143 1986 appropinquare
1157 1903 1250 1967 sama

140 2000 231 2086 erat)
244 2001 392 2068 decreta.
435 2001 632 2068 Exercitum
648 2023 692 2069 ex
708 2003 856 2084 duobus,
872 2005 981 2090 quiin
992 2003 1110 2071 Gabia
1121 2005 1248 2091 quique

142 2105 179 2168 in
194 2103 328 2171 Etruria
342 2111 466 2183 esseut,
481 2105 598 2172 addito
615 2108 754 2187 urbano,
771 2107 919 2192 eligeret,
933 2127 1034 2192 quem
1048 2108 1177 2188 mallet,
1188 2108 1250 2192 qui

143 2207 297 2274 Galliam
320 2215 415 2274 esset
439 2209 590 2275 sortitus.
636 2210 702 2276 (lui
727 2211 852 2276 Bruttii
876 2209 1052 2295 provincia
1071 2213 1251 2290 evenisset,

143 2311 245 2377 noris
270 2313 459 2395 legionibus
482 2314 620 2379 urbanis
645 2316 791 2398 seriptis,
806 2315 917 2392 utrius
940 2313 1058 2379 mallet
1077 2313 1251 2379 consulum

144 2415 269 2499 prioris
283 2415 372 2492 anui,
383 2415 564 2480 exercitum
578 2423 732 2482 sumeret.
777 2417 947 2484 Relictum
963 2437 985 2482 a
999 2418 1142 2483 consule
1153 2435 1252 2482 exer·

146 2518 255 2583 citum
270 2516 314 2596 Q.
325 2517 466 2583 Fulvius
483 2519 663 2602 proconsul
679 2519 865 2604 acciperet3
889 2520 990 2604 eique
1003 2520 1039 2583 iu
1053 2538 1175 2584 aunum
1191 2520 1251 2584 iru-

145 2622 279 2706 perium
302 2627 404 2688 esset.
449 2622 495 2688 Et
515 2622 556 2689 G.
572 2622 733 2702 Hostilio,
749 2624 806 2689 cui
829 2644 890 2709 pro
915 2623 1050 2689 Etruria
1068 2624 1254 2689 Tarentum

144 2729 360 2791 mutaverant
373 2724 595 2809 provinciam,
616 2746 677 2812 pro
691 2726 839 2791 Tarento
855 2725 1009 2811 Capuam
1028 2731 1252 2790 mutaverunt.

144 2828 257 2911 Legio
271 2846 339 2893 una
353 2828 446 2903 data,
461 2829 517 2893 cui
539 2828 681 2893 Fulvius
704 2828 860 2912 proximo
872 2848 962 2911 auno
977 2828 1167 2912 praefuerat.

193 2931 249 2997 36.
271 2932 326 2997 De
352 2930 585 2998 Hasdrubalis
608 2929 755 2997 adventu
779 2932 817 2996 iu
841 2930 979 2997 Italiam
1007 2950 1089 2996 cura
1116 2932 1152 2998 in
1180 2928 1255 2996 dies

146 3034 334 3099 crescebat.
371 3032 640 3099 Massiliensium
655 3034 799 3118 primum
810 3034 912 3118 legati
923 3034 1167 3113 nuntiaverant,
1179 3054 1256 3101 enm

146 3140 188 3205 in
214 3135 361 3201 Galliam
385 3145 643 3221 transgressum,
668 3144 867 3222 erectosque
893 3137 1039 3204 adventu
1063 3136 1150 3223 eJus,
1175 3137 1257 3222 quia

186 3326 198 3361 ⁸
215 3330 250 3380 Et
260 3345 313 3395 qua
322 3330 392 3381 binio
402 3331 514 3395 worm
524 3330 699 3394 indigestionis
708 3347 750 3383 sea
760 3334 900 3401 offensionis
909 3350 1004 3385 maner
1012 3334 1173 3399 memt-

187 3391 196 3425 ι
213 3396 275 3445 Gran
284 3402 397 3447 arctarent
408 3404 514 3461 sterque.
529 3412 560 3447 as
575 3398 676 3457 risorie
686 3399 790 3450 deterius
800 3414 852 3449 mr
859 3408 964 3461 gerne,
975 3402 1039 3451 lorus
1047 3403 1146 3451 daretur
1156 3398 1259 3461 collese,

148 3458 312 3574 :ffiw‘m’
322 3476 373 3513 sese
384 3464 515 3513 saetnlbrrdi
529 3463 677 3528 uugmdiqss
686 3466 818 3528 paleatinus
828 3470 852 3514 et
864 3466 968 3529 ςίοιίω
983 3481 1051 3517 saum
1065 3481 1097 3516 aa
1107 3464 1181 3531 ipsias
1190 3464 1259 3515 dede·

616 3673 801 3697 monnone

152 3787 600 3855 Mnamrer.¹1lnpert.-evet.
620 3791 667 3842 lib.
688 3799 757 3843 terta
777 3792 869 3858 Sigen.
897 3798 923 3843 et
938 3791 1109 3857 mma-t
1133 3791 1197 3841 Vel.
1210 3788 1260 3845 tib.

154 3862 227 3905 terte
244 3854 335 3920 Sigan.
349 3862 407 3907 sate
424 3856 514 3909 nobiles
531 3859 596 3909 inter
613 3862 712 3910 rra-28
735 3858 811 3917 Quen
827 3858 929 3923 Alpibus
946 3858 1014 3909 Edd.
1034 3864 1096 3908 sate
1106 3846 1197 3923 sigua
1245 3854 1249 3861 ’

655 4003 766 4056 NO'I'AE

189 4098 357 4149 wamia
375 4104 456 4151 autern
472 4100 574 4166 subdes]
608 4097 693 4165 Alias,
730 4100 933 4165 superiorique
952 4097 1046 4151 Fabius
1065 4098 1264 4157 rd'l'srsntunr,

155 4176 295 4227 musula
311 4181 369 4227 nab
387 4176 485 4229 ubiles.
524 4178 558 4229 ln
579 4178 691 4243 gratiam
732 4178 838 4229 Fulvius
855 4178 882 4229 iu
893 4177 1008 4228 burmis
1017 4184 1048 4228 et
1062 4175 1174 4228 Brutuli·
1183 4174 1265 4227 untu-

155 4254 406 4395 &sexigies
425 4254 508 4307 refert
517 4256 608 4307 valer.
619 4256 693 4307 Mar.
731 4254 902 4383 :iipeprlir
919 4268 976 4305 rsrn
994 4267 1088 4320 gerere
1098 4252 1178 4319 jussi.
1198 4252 1265 4320 sup

192 4405 203 4441 ¹
215 4408 274 4459 Νη
281 4406 565 4475 mercaturas]
581 4409 694 4463 Utsnus
