3259 5225
483 508 560 558 nrs.
582 505 696 554 xxvi.
719 504 801 554 css.
824 487 857 552 2.
1125 483 1212 552 2167

106 656 165 722 lim
179 653 399 737 Graeciaeqne
420 670 480 718 ora
500 670 577 717 cnm
599 648 794 734 legionibus
821 643 1063 729 classibusque,
1087 645 1211 730 quibus

107 763 288 843 praeerant,
302 751 475 820 decretae-⁶
512 750 764 836 Quinquaginta
778 746 893 815 Graeci
904 767 978 812 cum
989 747 1120 829 legione
1130 765 1210 825 nna,

107 865 244 924 centum
271 857 380 924 Siculi
410 875 489 922 cum
520 853 652 919 duabus
678 849 873 934 legionibus
897 848 1066 915 habebant
1092 867 1211 915 neves.

107 961 237 1026 Tribus
250 964 286 1025 et
298 958 420 1042 uiginti
429 955 639 1042 legionibns⁷
655 951 823 1018 Romems
833 971 875 1016 co
888 969 977 1016 anno
987 951 1112 1018 bellum
1124 957 1211 1018 terra

107 1065 266 1148 marique
276 1068 329 1128 est
343 1066 485 1145 gestum.

151 1165 187 1230 2.
210 1164 384 1249 Principio
395 1163 469 1248 ejus
484 1161 563 1227 anui
577 1158 707 1226 cnmde
717 1157 824 1225 literis
835 1155 875 1222 L.
890 1155 1014 1223 Marcii
1024 1155 1210 1240 referretur,

107 1285 166 1342 res
189 1274 298 1350 gestas
318 1263 508 1349 magnifiee
529 1262 662 1328 senatui
684 1261 785 1328 vise:
807 1259 926 1326 titulus
943 1259 1078 1326 honoris
1091 1263 1212 1346 (quod,

107 1370 252 1454 imperio
264 1389 334 1435 non
348 1367 465 1453 populi
475 1368 587 1452 jussu,
601 1384 670 1430 nou
685 1384 730 1430 ex
747 1363 953 1430 auctoritate
965 1362 1104 1430 Petrum
1119 1365 1211 1443 dato,

107 1471 348 1557 ‘Propositus'
359 1468 515 1550 senatui,'
529 1464 889 1553 scripserat)msgnnm
900 1470 1026 1551 partem
1042 1467 1211 1534 bominum

109 1573 313 1640 offendebat.
356 1570 444 1637 Rem
465 1570 546 1636 mali
561 1569 708 1653 exempli
731 1587 821 1645 esse,
834 1568 1056 1651 imperatores
1078 1569 1144 1652 legi
1167 1571 1211 1636 ub

109 1677 331 1755 exercitibus,
345 1680 382 1740 et
394 1675 530 1740 solenne
549 1672 803 1756 auspicutornm
823 1668 1035 1734 comitiorum
1050 1670 1085 1734 in
1100 1677 1212 1736 castra

109 1785 144 1844 et
157 1777 369 1863 provincias,
384 1775 504 1859 procul
518 1775 563 1840 ab
576 1773 706 1856 legibus
720 1770 1052 1856 magistratibusque,
1066 1772 1111 1837 ad
1126 1774 1212 1838 mili-

107 1885 215 1946 tarem
229 1879 453 1944 temeritatem
467 1874 660 1942 transferri.⁸
691 1873 750 1951 Et,
765 1893 842 1938 cum
855 1873 992 1956 quidum
1006 1874 1212 1942 referendum

109 1981 155 2046 ad
169 1987 325 2047 senatum
338 1984 522 2058 censerent,
537 1978 661 2062 melius
681 1976 791 2043 uisum
809 1975 931 2040 differri
949 1995 1023 2042 cem
1040 1978 1212 2045 consulta-

108 2085 248 2162 tionem,
263 2083 373 2148 donec
389 2080 681 2165 proficiscerentur
695 2080 844 2164 equites,
859 2078 919 2161 qui
934 2081 977 2145 ab
993 2079 1123 2148 Marcio
1137 2081 1211 2146 lite-

109 2205 165 2250 ras
180 2184 372 2250 attulerant.
417 2182 575 2248 Rescribi
599 2182 641 2247 de
667 2182 830 2247 frumento
847 2190 882 2247 et
896 2183 1102 2248 uestimentis
1116 2203 1211 2252 exer·

109 2290 205 2354 cit'ns
228 2287 383 2371 placuit:
405 2291 505 2352 ‘eom
527 2292 701 2369 utramque
722 2305 793 2350 rem
827 2305 918 2351 curm
939 2286 1011 2351 lore
1031 2286 1213 2354 senatui.’⁹

110 2390 253 2458 Ascribi
266 2396 389 2470 sutem,
411 2387 638 2472 ‘Propraetori
664 2388 705 2453 L.
726 2387 883 2466 Marcio,'
905 2407 975 2453 uon
997 2389 1147 2472 placuit3
1169 2410 1212 2455 ne

109 2494 145 2559 id
168 2495 296 2577 ipsum,
309 2490 402 2574 quod
424 2491 666 2558 consultationi
685 2490 896 2573 reliquerant,
911 2511 971 2575 pro
985 2490 1211 2576 praejndicnto

109 2596 235 2662 ferret!
246 2601 274 2634 ¹⁰
310 2593 473 2660 Dimissis
483 2594 663 2679 equitibus,
673 2591 717 2657 (le
728 2592 824 2658 nullu
838 2614 873 2659 re
887 2591 982 2676 prius
996 2594 1150 2661 consules
1160 2617 1214 2663 re·

110 2700 271 2776 tulerunt,
285 2697 502 2783 omniumque
512 2697 548 2762 in
559 2714 661 2762 unum
674 2694 851 2761 sententiae
863 2696 1104 2778 congruebant,
1114 2718 1212 2783 agen-

111 2802 193 2869 dum
207 2822 284 2868 cum
305 2802 452 2868 tribunis
476 2803 587 2888 plebis
605 2820 695 2879 esse,
710 2801 821 2885 primo
842 2820 979 2886 quoque
1001 2810 1152 2891 tempore
1167 2810 1213 2875 cd

110 2906 250 2989 plebem
263 2903 398 2983 ierrent,
413 2922 512 2987 quem
527 2924 605 2969 cnm
616 2903 761 2985 imperio
772 2904 858 2969 mitti
873 2905 1018 2989 placeret
1032 2908 1065 2973 in
1082 2910 1210 2996 Hispa·

109 3006 206 3071 niam
219 3005 263 3071 ud
278 3026 355 3071 eum
371 3006 569 3085 exercitum,
583 3006 639 3071 cui
654 3003 717 3070 Cn.
731 3005 852 3091 Scipio
863 3007 1043 3091 imperator
1057 3011 1213 3093 praesuis-

110 3118 177 3177 set.
221 3110 275 3176 lia
289 3131 342 3176 res
360 3131 437 3176 cum
460 3111 605 3176 tribunis
624 3118 701 3175 ectu
723 3112 1000 3197 promulgataque
1021 3112 1099 3181 ests
1143 3116 1213 3183 Sed

110 3213 206 3281 eliud
221 3220 388 3281 certamen
401 3222 631 3299 occupauerat
645 3214 788 3279 unimus.
832 3213 872 3280 G.
888 3216 1106 3301 Sempronius
1122 3220 1212 3288 Ble-

141 3372 155 3410 ὅ
171 3376 420 3428 Issts'istsrssoiosss
434 3393 479 3443 qso
493 3377 614 3442 wpiooto
629 3376 775 3426 lubomir
789 3378 899 3440 misso
913 3381 1011 3432 consitis
1027 3382 1053 3433 irs
1066 3384 1123 3435 sris
1135 3400 1151 3434 o
1162 3402 1212 3435 sss·

108 3442 274 3503 gistrstibsm
288 3443 315 3493 isi
324 3456 391 3505 ogre
400 3443 515 3504 sariunt
524 3442 618 3492 trsrlsci
628 3444 697 3505 longo
707 3442 734 3491 is
743 3446 878 3507 gwodan
884 3452 996 3507 ressotss,
1005 3452 1029 3496 ct
1040 3450 1066 3496 is
1075 3456 1163 3513 rostro,
1173 3452 1214 3501 sbi

110 3508 231 3587 stryges
241 3508 335 3585 sigest,
344 3522 387 3559 soc
400 3509 559 3571 mgistrstss
568 3512 634 3572 sart,
644 3511 672 3556 st
681 3506 717 3556 tor·
726 3523 742 3556 o
751 3508 868 3559 militibus
882 3514 968 3561 temere
977 3527 1004 3561 sc
1010 3526 1054 3575 per
1063 3514 1162 3565 siurim
1170 3532 1213 3567 os·

110 3574 509 3713 &smegmata
517 3638 582 3690 odat
590 3634 730 3702 prejudicio
737 3642 835 3689 sorem
841 3638 901 3689 iilsrl
912 3638 987 3705 ipsura
997 3644 1059 3705 queo
1068 3648 1163 3695 sesutss
1172 3646 1213 3695 sls-

110 3700 311 3753 lsirrstsoss'ssae
321 3707 492 3754 must.

110 3900 160 3945 -4
178 3896 306 3960 Reliquias
314 3898 382 3948 Edd.
393 3899 598 3949 snteDrsk.-⁵
615 3900 736 3964 Sigonius
754 3902 810 3950 vult
823 3900 968 3964 Apula-ti
983 3903 1084 3954 ‘Forte
1095 3904 1214 3969 legera,

112 3969 158 4010 sut
170 3964 261 4023 potius
272 3978 314 4013 ors
323 3978 376 4012 cass
385 3962 515 4025 legionibus
523 3972 575 4014 cet.
586 3965 685 4016 dictum
697 3980 743 4029 pro
756 3980 809 4014 orae
826 3975 853 4015 at
865 3967 980 4030 legiones
992 3970 1153 4033 classesque:
1172 3972 1213 4021 tle·

111 4035 180 4075 srets
191 4030 311 4090 reposuit
322 4027 456 4077 Glsresnss
474 4029 625 4093 Repente-I
642 4031 706 4081 biso.
718 4038 747 4080 et
757 4030 824 4079 Edd-
835 4039 896 4081 unte
910 4031 970 4082 Ald.
984 4033 1123 4083 XXXIII.
1134 4036 1180 4097 leg.

144 4095 162 4140 Β
178 4091 241 4143 vet.
251 4092 299 4141 lib.
310 4094 380 4158 spnd
390 4094 479 4159 Sigon.
488 4108 534 4159 pro
542 4100 704 4160 prame-0
720 4095 791 4146 Olim
806 4096 945 4161 legebatur
958 4102 1082 4163 sirempse
1099 4114 1149 4150 rem
1163 4114 1215 4149 ears

613 4224 721 4276 Nom

142 4324 156 4359 ⁴
182 4326 386 4392 mboque
405 4328 454 4394 cst]
487 4330 520 4380 ld
542 4330 646 4395 quislens
686 4329 997 4386 dumlntsleresders.

112 4400 219 4464 publice
231 4404 393 4468 propositum
409 4404 507 4470 iuerat,
524 4406 572 4459 sed
582 4420 646 4459 uou-
