3259 5225
413 529 501 596 2312
887 543 923 594 τ.
946 544 1040 595 nrvrr

414 689 471 770 rei,
486 697 519 758 et
534 696 663 777 tempus
678 692 848 771 convenit,
869 692 981 773 mites,
1003 697 1103 758 nocte
1124 711 1186 776 per
1205 691 1379 760 intervalla
1395 694 1520 762 atatim.

413 813 492 860 uum
506 795 596 861 claun
609 815 653 860 ex
667 797 748 883 urbe
762 796 920 873 emisena,
932 815 986 875 ee,
1005 815 1084 880 quae
1098 804 1176 860 acta
1189 803 1298 872 erant,
1313 816 1458 881 qumque
1472 804 1512 864 nt

412 903 592 979 agerentur,
608 905 832 976 convenerat,¹
849 897 893 962 ud
909 897 1081 978 consulem
1098 897 1209 963 refert
1253 898 1378 964 Fabius
1392 900 1511 982 vigilia

411 999 531 1084 prima,
546 1000 626 1066 dato
641 1001 737 1084 signo
751 1001 805 1080 iio,
822 1000 931 1085 quiin
951 1019 1028 1066 aree
1050 1009 1157 1074 erant,
1178 1000 1305 1087 quique
1316 1002 1507 1068 custodiam

411 1113 529 1186 portus
543 1102 730 1183 habebant,
752 1101 829 1188 ipse
850 1104 990 1170 circuito
1012 1111 1112 1189 portu
1135 1106 1179 1169 ab
1200 1105 1334 1186 regione
1354 1105 1447 1170 nrbie
1471 1106 1506 1170 in
1577 1116 1581 1124 '

412 1206 569 1270 orientem
584 1223 682 1270 versa
696 1207 848 1272 occuitus
863 1206 1031 1272 consedit.
1063 1205 1191 1271 canere
1205 1204 1283 1272 inde
1298 1207 1390 1271 tnbee
1404 1207 1506 1271 simul

412 1307 457 1372 ab
472 1325 559 1386 arce,
575 1307 697 1372 simul*
721 1327 742 1372 a
761 1315 860 1393 portu
873 1316 907 1374 et
921 1311 965 1374 ab
978 1310 1134 1389 navibus,
1148 1327 1225 1394 quae
1235 1308 1279 1372 ab
1292 1315 1407 1392 aperto
1421 1309 1507 1374 muri

409 1411 565 1495 appulsae
584 1420 697 1495 crant3
720 1412 913 1498 clamorque
935 1412 1080 1498 undique
1102 1433 1181 1478 curn
1202 1412 1327 1494 ingenti
1347 1412 1505 1490 tumultu,

408 1513 495 1579 undu
514 1515 687 1580 minimum
707 1516 848 1599 periculi
869 1521 954 1594 erat,
977 1513 1021 1580 de
1043 1515 1206 1581 industria
1227 1520 1331 1580 ortua·
1374 1513 1505 1580 Consul

408 1615 536 1682 interim
561 1617 693 1686 silentio
714 1618 905 1685 continebat
928 1637 1017 1683 euos.
1061 1618 1167 1701 Igitur
1189 1618 1419 1696 Democrates,
1443 1618 1505 1704 qni

409 1719 592 1802 praeiectua
608 1727 710 1786 antea
720 1721 845 1786 classis
855 1719 1070 1800 secretione
1083 1720 1146 1786 iilo
1157 1717 1271 1787 locui*
1287 1721 1503 1806 praepositus,

406 1825 587 1906 postquam
602 1823 718 1906 quiete
733 1824 846 1888 omnia
870 1824 962 1889 circa
985 1842 1022 1887 ae
1045 1821 1142 1901 vidit,
1163 1822 1249 1888 atiaa
1262 1831 1378 1908 partes
1391 1843 1435 1888 eo
1450 1829 1501 1888 tu-

405 1924 512 1989 mnltn
536 1943 726 2010 personare,
750 1931 790 1990 ut
808 1931 918 2009 captae
931 1925 1024 1990 nrbie
1037 1924 1204 1991 interdum
1217 1927 1416 1992 excitaretur
1431 1927 1503 1994 cla·

405 2045 489 2112 ¹inor,
511 2028 633 2092 veritus
657 2046 699 2092 ne
723 2027 808 2092 inter
830 2029 1069 2094 cunctationem
1091 2047 1189 2094 auam
1212 2029 1332 2094 conant
1351 2031 1501 2115 utiquam

404 2129 474 2193 vim
493 2128 617 2196 taceret
634 2129 790 2216 signaque
811 2129 959 2210 inferret,
980 2131 1175 2216 praesidium
1199 2131 1243 2196 ed
1265 2151 1388 2212 arcem,
1409 2133 1499 2199 unde

403 2233 551 2298 maxime
565 2233 721 2299 terribilis
735 2232 914 2299 accidebat
928 2253 1042 2311 uonna,
1060 2233 1216 2300 traducit.
1260 2234 1400 2314 Fabius,
1420 2256 1499 2302 cnm

404 2339 463 2400 οἱ*
482 2354 527 2400 ex
539 2335 697 2419 temporis
712 2335 825 2419 spatio
839 2343 874 2401 et
887 2355 933 2401 ex
945 2335 1079 2401 silentiu
1093 2336 1170 2419 ipso
1189 2333 1312 2421 (quod,
1326 2337 1385 2402 nbi
1396 2338 1499 2422 paolo

402 2444 481 2505 ante
495 2437 689 2522 strepebant
703 2438 893 2504 excitantes
902 2443 1132 2522 vocantesque
1142 2435 1187 2503 ad
1200 2455 1305 2517 arma,
1315 2437 1393 2503 inde
1404 2440 1497 2504 nuttu

402 2541 579 2607 accidebat
598 2538 708 2628 nov)
727 2539 891 2607 deductae
905 2540 1078 2606 custodiae
1091 2541 1269 2624 sensissem
1290 2540 1366 2606 ferri
1383 2542 1496 2607 scalas

401 2644 445 2711 ad
460 2663 533 2731 earn
547 2651 676 2730 purtem
691 2647 789 2723 mori,
812 2665 881 2731 qua
896 2645 1100 2710 Bruttiorum
1114 2645 1286 2711 cohortem
1299 2645 1495 2729 presidium

399 2750 527 2832 agitare
541 2747 742 2833 proditionis
758 2748 957 2815 conciliator
969 2748 1207 2826 nuntiaverat,5
1219 2746 1327 2831 jubet
1363 2748 1417 2814 Ea
1429 2750 1496 2834 pri-

398 2872 490 2917 rnunn
518 2861 572 2915 est
599 2859 721 2936 captus
752 2870 879 2931 murna,
915 2850 1153 2937 adjuvantibus
1188 2850 1494 2937 recipientibusque

398 2954 556 3032 Bruttiis,
570 2961 606 3019 et
619 2960 852 3019 transcensum
866 2953 901 3018 in
914 2955 1030 3018 urbem
1045 2957 1109 3018 est.
1152 2950 1238 3017 Inde
1260 2951 1316 3018 et⁶
1336 2956 1494 3036 proxima

396 3057 539 3122 refracta
553 3060 663 3141 porta,
678 3064 718 3121 ut
730 3055 889 3141 frequenti
903 3055 1034 3139 agmine
1045 3056 1140 3139 aigne
1150 3052 1357 3121 intertentur.
1391 3056 1492 3138 Tum,

397 3160 544 3227 clamore
559 3159 705 3241 sublato,
719 3160 782 3225 sub
793 3166 902 3225 ortum
913 3160 1015 3225 terme
1026 3157 1123 3239 lucis,
1133 3158 1226 3224 notio
1236 3158 1338 3225 obvio
1349 3166 1492 3241 umato,

427 3338 1386 3405 ‘Nititatrepitaaeapartaeeettabatarecaaiadeaattadaepaneaietat-

852 3464 1032 3487 numu

394 3566 422 3619 J·
439 3566 470 3617 F.
486 3564 616 3617 (irum-l
634 3566 707 3617 ‘Pro
717 3572 857 3616 coarmari
868 3566 895 3615 in
910 3563 1063 3631 quibusdam
1080 3566 1140 3615 tibr.
1152 3565 1217 3615 Mar.
1230 3572 1258 3616 at
1268 3572 1334 3617 rett.
1349 3566 1420 3617 Edu.
1436 3584 1490 3619 eea-

394 3629 526 3682 munt!
537 3632 664 3695 Deeriug.
680 3638 835 3682 moruerunt
845 3632 929 3682 Gron.
940 3632 1066 3681 Creu-2
1083 3632 1200 3681 ‘Beatua
1213 3632 1281 3682 toltit
1291 3633 1401 3683 atterum
1410 3634 1491 3685 ainai.

393 3698 475 3749 Quart
490 3710 541 3746 non
557 3696 600 3747 bie
619 3712 680 3748 naue
699 3705 726 3746 et
744 3694 887 3759 duplicatio
905 3696 1039 3759 particula
1056 3705 1146 3746 nostro
1162 3694 1389 3763 frequentiaaimn'
1412 3700 1441 3747 J.
1459 3700 1488 3749 F.

394 3762 472 3813 cm.
506 3761 560 3812 Pro
570 3764 641 3812 umet
651 3762 712 3812 otim
726 3761 860 3813 anbetitut.
874 3764 956 3811 εΗ
973 3761 1105 3825 ‘Pauperi
1115 3769 1142 3811 et
1152 3776 1252 3825 praem
1262 3762 1416 3825 aimptictter
1431 3778 1489 3827 paa·

391 3826 439 3877 atur
452 3841 501 3892 pro
511 3827 647 3891 imperium
660 3834 760 3888 tenere,
770 3827 878 3888 dicitur,
888 3834 918 3877 ut
929 3825 1015 3875 rnnttia
1025 3827 1153 3889 exemptis
1164 3828 1197 3876 ad
1208 3829 1233 3879 b.
1242 3827 1262 3877 1.
1273 3829 1397 3893 probarit
1405 3828 1488 3879 Drak.

392 3892 487 3956 ltaque
506 3906 556 3942 nun
566 3907 631 3956 opua
641 3900 681 3943 eat
692 3900 721 3942 ut
731 3907 780 3956 pro
791 3894 833 3942 itte
844 3894 893 3942 toeo
905 3892 1006 3955 tegatur
1017 3906 1075 3941 cunr
1088 3893 1214 3943 Rbenanu
1230 3894 1267 3943 itti
1277 3892 1344 3943 ue:
1361 3894 1488 3955 Deerinp.

390 3961 439 4007 —t
456 3958 492 4007 Et
502 3957 555 4007 del.
571 3958 654 4008 Gron.
667 3958 824 4022 Donjat.-5
843 3957 905 4005 Ver.
923 3956 970 4007 tib.
984 3959 1241 4021 mandauerat-ti
1256 3958 1354 4009 Deiade
1370 3973 1420 4023 pro
1430 3960 1487 4009 a'arte

390 4028 415 4073 et
423 4023 492 4075 oiim.
526 4024 637 4075 Librarii
648 4038 735 4073 errore
746 4024 859 4073 Putean.
869 4023 963 4072 iancea
970 4023 1088 4087 proxim

881 4150 991 4205 NOTAE

420 4251 519 4302 ¹*Forte
536 4252 578 4302 rto
596 4252 657 4317 toro]
682 4252 765 4303 Rben.
782 4252 916 4303 rcribebat
956 4251 1016 4315 ipri,
1037 4268 1113 4318 qnam
1136 4252 1169 4302 iia
1190 4252 1235 4318 qui
1258 4252 1303 4303 itio
1320 4255 1378 4304 ioco
1399 4262 1484 4317 erant,

387 4328 425 4377 itti
432 4330 497 4380 loeo:
513 4331 559 4379 aed
571 4331 673 4392 optimi,
682 4338 734 4381 turn
747 4332 848 4395 aeripti,
860 4338 914 4379 turn
956 4330 1112 4395 preponitur
1122 4330 1234 4395 intelligi
1250 4329 1329 4381 debet
1341 4324 1484 4381 Democra-

388 4403 454 4456 editi
471 4406 568 4458 babent
586 4408 627 4458 itio
644 4408 708 4459 toro.-
724 4413 838 4459 nectam
857 4408 914 4458 ioco
954 4414 1005 4458 tea.
