3259 5225
378 455 465 522 2374
847 475 882 522 r.
908 474 1001 524 ιινιι
1029 451 1034 460 ’

379 619 534 704 proximo
556 639 642 685 annu
666 617 832 686 interfecti
854 623 1032 686 terrebant.
1076 620 1149 685 ‘Et
1164 623 1241 684 ea¹⁷
1260 623 1373 686 omnia
1387 624 1481 686 acui·-

380 722 481 802 disse,
493 742 570 789 eum
583 743 671 788 unns
680 723 872 808 imperator,
884 743 971 789 uuus
982 724 1154 790 exercitus
1166 723 1311 788 bostium
1322 724 1357 787 in
1373 724 1482 789 ltalia

380 830 490 892 esset:
512 845 599 892 nune
621 825 690 891 dun
713 825 802 891 bella
823 825 954 892 Puniea
975 825 1077 901 faeta,
1099 826 1186 891 duos
1206 827 1360 909 ingentes
1382 847 1482 891 exer·

285 1002 287 1010 ,
380 929 475 1006 uitus,
500 928 587 994 dnus
610 947 717 1014 prope
743 927 956 994 Hannibales
980 929 1014 993 iu
1039 928 1141 994 Italia
1160 949 1245 993 esse.
1288 926 1427 1014 Quippe
1449 934 1485 995 et

382 1030 641 1111 Hasdrubalem,
657 1039 754 1116 patre
775 1031 893 1097 eodem
917 1031 1112 1098 Hamilcare
1134 1032 1289 1113 genitum,
1303 1051 1403 1117 aeque
1420 1033 1484 1096 iru-

381 1135 511 1218 pigrum
526 1133 656 1212 ducem,
670 1154 733 1219 per
748 1140 799 1200 tut
819 1135 855 1200 in
871 1133 1041 1219 Hispania
1058 1153 1165 1199 annos
1182 1133 1338 1200 Rerum
1352 1136 1486 1199 exerci-

382 1245 489 1304 tatum
500 1235 551 1278 ¹⁸⁶
572 1237 675 1317 bello,
691 1239 822 1322 gemina
843 1237 984 1302 victoria
997 1236 1184 1320 insignem:
1197 1237 1331 1302 duobus
1351 1238 1485 1301 exerci-

381 1341 472 1407 tibus
486 1360 562 1406 cum
575 1340 772 1406 clarissimis
785 1339 929 1405 ducibus
939 1339 1070 1404 deletis.
1104 1337 1137 1403 N
1139 1359 1192 1404 am
1204 1339 1333 1403 itineris
1344 1340 1487 1424 quidem

381 1444 550 1510 celeritate
560 1461 605 1508 ex
618 1443 799 1528 Hispania,
809 1449 844 1507 et
854 1449 881 1491 ¹⁹
895 1441 1072 1506 concitatis
1083 1439 1126 1504 ad
1138 1459 1232 1505 arma
1241 1439 1391 1505 Gallicis
1406 1459 1489 1522 gen·

382 1545 603 1623 tibae,nrultu
615 1545 843 1628 magisqnam
855 1540 1081 1608 Hannibalern
1093 1544 1216 1627 ipsum,
1227 1542 1358 1626 gloriari
1368 1563 1488 1626 posse.

364 1645 520 1734 'Quippe
541 1648 575 1712 in
597 1649 640 1713 iis
661 1647 747 1713 lucis
770 1648 860 1712 buno
881 1643 1036 1728 unigisse
1056 1648 1250 1720 exereitum,
1272 1647 1404 1730 quibus
1426 1646 1489 1711 ille

381 1751 540 1836 majorem
564 1761 692 1836 partem
714 1749 852 1814 militurn
874 1749 964 1813 fame
985 1767 1027 1813 ae
1048 1749 1180 1830 frigore,
1197 1767 1276 1832 quas
1296 1747 1489 1812 miserrima

382 1855 498 1918 mortis
523 1873 643 1934 genera
668 1859 754 1928 suut,
780 1847 974 1916 amisisset?
1019 1848 1236 1934 adjiciebant
1258 1851 1358 1915 etiarn
1382 1850 1490 1934 periti

382 1975 489 2022 rerum
503 1955 692 2041 Hispaniae.
708 1959 719 1990 ‘
735 1953 917 2018 hundeum
936 1954 1054 2036 ignoto
1070 1953 1192 2018 dnee²⁰
1206 1954 1246 2020 G.
1257 1953 1390 2019 Nerone
1404 1971 1490 2017 con·

382 2078 592 2141 pressurum
614 2057 679 2122 seri
691 2077 790 2142 qnam
806 2057 841 2120 in
857 2057 948 2122 saltu
966 2057 1128 2142 impedito
1143 2057 1368 2141 deprehensus
1384 2054 1489 2133 forte,

381 2161 471 2226 baud
493 2179 593 2227 secus
615 2180 719 2245 quam
738 2179 888 2246 puerum,
903 2159 1157 2226 conscribendis
1171 2159 1348 2224 fallacibus
1364 2157 1489 2222 cundi·

382 2263 533 2328 tionibus
555 2265 651 2348 pacis
671 2263 849 2329 frustratus
869 2261 1046 2330 elusisset'
1088 2261 1211 2327 Omnia
1232 2261 1358 2346 majora
1379 2262 1489 2326 etiarn

383 2385 463 2431 vero
486 2365 646 2448 praesidia
666 2365 827 2444 hostium,
844 2368 974 2431 minora
996 2385 1069 2444 sna,
1083 2371 1177 2431 metu
1192 2367 1381 2449 interprete,
1396 2383 1489 2428 sern-

385 2488 444 2552 per
460 2471 493 2532 in
510 2468 678 2533 deteriora
692 2468 864 2546 inclinato,
880 2469 1062 2534 ducebant.

426 2571 480 2636 45.
502 2571 607 2650 Nero,
621 2581 801 2655 postquam
820 2570 892 2657 jam
915 2578 1046 2637 tantum
1066 2568 1233 2637 intervalli
1254 2569 1299 2635 ab
1317 2568 1418 2635 busta
1437 2569 1490 2634 fe·

384 2686 488 2753 cerat,
503 2686 542 2739 ut
561 2674 672 2757 detegi
691 2674 869 2740 consilium
884 2676 969 2740 satis
984 2682 1093 2741 tutum
1107 2683 1212 2751 esset,
1227 2674 1345 2758 paneis
1359 2672 1490 2737 milites

306 2795 308 2803 ·
383 2781 578 2865 alloquitur.
622 2778 735 2861 Negat
758 2778 889 2843 ‘ullius
913 2778 1092 2845 consilinm
1116 2778 1329 2862 imperatoris
1351 2778 1384 2841 in
1408 2798 1489 2862 spe·

384 2882 467 2946 ciens
482 2881 656 2960 audacius,
671 2902 707 2947 re
722 2884 800 2966 ipsa
815 2883 922 2947 tutius
936 2882 1056 2959 fuisse,
1071 2902 1171 2967 quam
1187 2900 1298 2947 snum.
1340 2879 1397 2945 Aa
1411 2902 1490 2964 eer-

383 2989 451 3049 tum
477 3004 538 3049 ens
561 3004 598 3049 se
622 2986 796 3051 victoriam
824 2984 957 3050 ducere.
1010 2984 1150 3070 Quippe
1175 2983 1220 3049 ad
1245 2983 1335 3068 quud
1360 2984 1488 3048 bellum

384 3085 516 3168 collega
534 3106 599 3151 nun
621 3093 709 3164 ante,
724 3106 824 3172 quarn
844 3087 887 3152 ad
909 3086 1104 3153 satietatem
1123 3088 1233 3173 ipsius
1249 3083 1419 3171 pediturn‘
1438 3092 1489 3150 at»

384 3208 449 3272 que
474 3190 623 3271 equiturn
649 3190 738 3256 ‹latae
763 3192 806 3256 ab
832 3200 952 3257 senata
973 3190 1084 3275 copiae
1106 3191 1250 3256 luissent
1270 3188 1414 3272 majores
1436 3190 1488 3253 in·

384 3292 648 3378 structionesque,
667 3314 769 3378 quam
792 3295 822 3360 si
844 3294 1007 3360 adversus
1028 3296 1140 3379 ipsum
1165 3291 1389 3357 Hannibalem
1413 3292 1488 3369 iret,

841 3477 855 3496 Ι
858 3474 1024 3496 mnenon

385 3589 417 3635 lu
434 3586 520 3636 Alius
539 3586 621 3637 Gran.
642 3590 785 3641 crea-17
801 3590 908 3654 vulgat.
927 3600 989 3642 ante
1007 3590 1090 3641 Gran.
1108 3590 1169 3641 leet.
1187 3596 1212 3641 et
1226 3594 1328 3640 ea—ttt
1347 3590 1489 3639 narcisu-

384 3652 463 3701 Grun.
476 3654 581 3716 Dunjst.
594 3655 738 3706 crea-19
750 3657 814 3705 ilrld.
828 3665 887 3707 ante
903 3657 993 3721 Sigan.
1006 3661 1096 3705 carent
1106 3657 1141 3717 τᾷ
1154 3660 1253 3706 ea-au
1268 3658 1277 3683 ⁸
1290 3655 1350 3704 Pat.
1362 3656 1427 3704 lund
1435 3669 1489 3702 m

380 3716 466 3832 m?
472 3720 640 3834 31ἲάιὸῖοῖ
652 3722 755 3772 Ner-m.
782 3724 850 3773 Dele
869 3723 942 3788 prins
957 3738 1018 3778 aar.
1034 3730 1080 3773 aut
1097 3722 1193 3784 scribe,
1203 3720 1328 3783 halja·
1339 3720 1423 3783 tgna·
1434 3735 1488 3769 m

881 3933 990 3987 Now

385 4040 434 4089 nisi
455 4043 591 4107 suspirato
616 4044 724 4110 rutupi,
744 4044 837 4097 fierive
860 4061 916 4097 urus
987 4054 1001 4081 ⁸
1016 4046 1231 4096 metm
1245 4043 1375 4109 hagan]
1391 4044 1488 4093 aerata

384 4125 451 4167 0¹¹¹·
956 4121 990 4173 de
1001 4122 1127 4173 srububns
1143 4123 1308 4187 Scipionibus
1325 4122 1449 4171 iratribus
1461 4122 1486 4169 ia

416 4194 429 4229 ⁴
456 4195 560 4246 lissam
581 4198 738 4249 exercitatus
760 4198 916 4264 [exercitans]
956 4200 1185 4265 Hispaniensis.

384 4269 459 4320 colb.
482 4286 557 4331 unus,
578 4276 749 4327 aerarnm:
772 4277 840 4342 quurl
856 4292 915 4343 per·
988 4276 1051 4329 ‘Arl
1068 4283 1203 4328 maerstem
1218 4278 1293 4342 ipsius
1308 4277 1420 4342 peditam,
1430 4275 1488 4338 ira]

384 4345 444 4397 lude
459 4357 510 4399 ett-
956 4354 1024 4408 vide
1034 4369 1113 4421 supra
1124 4370 1148 4405 e.
1160 4359 1203 4405 tt.
