3259 5225
510 526 584 579 nra.
605 525 753 579 xxvnr.
774 528 857 579 onr.
878 514 934 581 1⁰.
1177 513 1266 585 2⁴18

56 748 70 759 „
170 668 322 736 earmina
341 667 542 737 militaribus
561 668 652 757 jocis
675 672 711 739 in
733 670 774 737 0.
796 670 986 753 Claudium,
1006 692 1108 759 quarn
1128 674 1164 741 in
1185 694 1266 741 oon·

169 771 276 837 sulem
296 792 403 853 suum,
414 774 564 858 laetata:
588 774 720 859 equites
734 774 774 839 1..
789 774 968 843 Veturium
982 782 1018 841 et
1031 774 1076 855 Q.
1092 774 1266 845 Gaeuiliunr

167 874 299 958 legatos
322 876 452 959 magnis
474 876 591 943 tulisse
609 874 776 957 laudibus,
789 878 1007 963 hortatosque
1026 896 1102 944 esse
1119 879 1264 963 plebem,

168 983 207 1041 ut
227 997 288 1043 eos
311 978 469 1043 consules
491 978 526 1043 in
547 979 737 1062 proximum
762 996 883 1045 annum
906 987 1073 1047 nonant:
1095 980 1264 1065 adjecisse
1301 996 1307 1005 ·

167 1080 315 1162 equiturn
329 1078 574 1164 prerogativae
590 1082 820 1148 anctoritatem
829 1081 999 1161 eonsules,
1012 1094 1151 1167 postero
1162 1081 1218 1147 (lie
1229 1082 1265 1149 iu

166 1182 341 1261 concione,
356 1202 457 1267 quam
472 1182 549 1249 sorti
563 1182 718 1268 fidelique
734 1183 875 1259 (luorum
891 1185 1063 1271 praecipue
1077 1187 1264 1269 legatorum

166 1302 270 1367 opere
284 1286 340 1351 nsi
354 1292 481 1365 essent,
498 1293 811 1355 commemorantes.

210 1388 263 1453 10.
278 1386 364 1453 Gurn
375 1388 589 1455 comitiorum
600 1393 731 1474 tempus
746 1397 936 1475 appeteret,
948 1397 1054 1476 etper
1063 1388 1264 1457 dictatorern

166 1490 305 1557 comitia
328 1492 441 1557 haberi
464 1491 655 1576 placuisset,
671 1491 712 1559 0·
733 1491 900 1559 Claudius
918 1491 1037 1559 oonsul
1055 1490 1106 1556 Μ.
1128 1492 1263 1559 livium

165 1592 334 1676 collegam
344 1593 543 1659 dictatorem
558 1594 667 1675 dixin
690 1594 807 1661 Livius
823 1593 868 1674 Q.
881 1593 1054 1661 Caecilium
1069 1593 1264 1676 magistrum

166 1696 330 1779 equitum.
355 1696 389 1762 A
405 1695 455 1761 Μ.
466 1696 566 1763 Livio
575 1696 740 1765 dictatore
751 1698 856 1762 creati
867 1696 1023 1763 consules
1033 1695 1072 1761 la
1087 1694 1264 1773 Veturius,

166 1796 213 1877 Q.
224 1797 401 1881 Caecilius3
418 1800 448 1864 is
459 1800 613 1884 insequi
625 1806 697 1865 turn
713 1806 785 1865 erat
798 1799 958 1882 magister
968 1798 1142 1882 equiturn!
1177 1795 1264 1862 lude

164 1902 498 1984 pretemmcomiria
511 1900 638 1968 habitu.
679 1901 789 1968 Creati
800 1902 839 1967 0.
850 1900 1029 1977 Servilius,
1039 1900 1089 1966 Μ.
1100 1898 1263 1965 Coeoiliur

165 1998 342 2081 Metellus,
355 2004 410 2067 Ti.
425 2002 587 2070 Claudius
604 2003 751 2082 Asellus,
767 2002 811 2083 Q.
826 2001 1002 2069 Mamilius
1011 2001 1182 2080 Turinus,¹
1204 2001 1264 2086 qui

163 2110 237 2168 tum
247 2104 356 2171 aedilis
365 2106 474 2189 plebis
490 2113 574 2171 erat.
617 2105 773 2173 Gornltiis
783 2106 952 2189 perlectis,
965 2104 1124 2183 dictator,
1139 2103 1264 2187 magis·

162 2210 252 2273 natu
263 2208 422 2275 abdicato
431 2206 641 2295 dimissoque
652 2210 812 2289 exercitu,
823 2210 860 2274 iu
871 2208 1039 2275 Etruriam
1052 2206 1263 2293 provinciam

162 2328 206 2374 ex
224 2316 358 2375 senatus
372 2312 525 2377 consulto
538 2318 591 2377 est
609 2312 777 2397 profectus
792 2312 836 2377 ad
856 2310 1064 2397 qnaestioues
1078 2307 1261 2388 habendas,

162 2412 221 2498 qul
230 2412 448 2478 Etruseorum
458 2412 728 2481 Umbrorumve*
739 2414 859 2498 populi
870 2412 1070 2478 defectionis
1078 2413 1122 2477 ab
1133 2410 1261 2482 Roma.-

161 2515 214 2579 nis
226 2514 270 2579 ad
286 2514 536 2582 Hasdrubalem
545 2516 609 2581 sub
625 2515 803 2581 adrentum
818 2514 893 2600 ejus
907 2514 1051 2579 consilia
1065 2514 1261 2597 agitassent,

161 2619 286 2703 quique
300 2637 378 2684 enm
399 2619 550 2698 auxiliis,
566 2624 625 2686 aut
641 2624 844 2698 commeatu,
858 2623 919 2684 aut
938 2636 1006 2701 ope
1022 2615 1137 2700 aliqua
1149 2615 1262 2700 jnvin

161 2728 250 2788 seut.
293 2720 640 2788 Haeceoannorlomi
656 2721 853 2806 militiaque
866 2726 974 2803 geste.
1009 2717 1098 2783 Ludi
1114 2715 1261 2783 Romani
1402 2708 1412 2728 ⁶

159 2829 211 2888 ter
231 2823 293 2888 toti
307 2819 510 2890 instaurati*
532 2826 575 2890 nb
587 2823 743 2890 aedilibus
755 2821 939 2899 curulibus,
947 2820 1009 2886 (lu.
1021 2817 1167 2884 Servilio
1182 2815 1261 2884 Ore·

159 2925 276 3010 pioue,
293 2923 365 2990 Ser.
379 2923 536 2990 Cornelio
552 2923 707 2990 lentulo.
750 2923 839 2989 ltern
854 2921 926 2988 ludi
939 2921 1064 3006 plebeii
1078 2922 1182 2986 semel
1194 2921 1261 2986 tort

160 3025 338 3092 instaurati
352 3027 395 3092 ab
411 3025 567 3092 aedilibus
581 3027 702 3110 plebis,
723 3025 786 3091 M.³
810 3024 1003 3108 Pomponio
1023 3021 1200 3100 Mathone,
1222 3029 1260 3088 et

160 3127 205 3208 Q.
225 3127 380 3194 Mamilio
399 3128 540 3195 Turino.
582 3128 833 3195 Tertiodeeimo
854 3145 942 3191 auno
964 3125 1086 3191 Punici
1105 3115 1199 3200 belli,
1213 3125 1258 3190 L.

159 3229 303 3296 Veturio
324 3229 467 3297 Philone
489 3240 525 3298 et
539 3231 584 3312 Q.
599 3230 738 3298 Caecilio
753 3229 896 3296 Metello
909 3225 1117 3307 oonsulibus,
1131 3225 1259 3292 Bruttii

159 3332 338 3412 ambobus,
352 3339 391 3398 ut
403 3339 510 3400 onm⁴
531 3333 727 3400 Hannibale
748 3331 878 3398 bellum
897 3335 1060 3415 gererent,
1081 3327 1259 3413 provincia

614 3512 798 3536 mm

191 3633 206 3680 l
223 3629 295 3680 Ante
305 3628 538 3708 Sigonlessebrtnr
548 3630 577 3680 Τ.
590 3631 675 3682 ctat.
685 3629 787 3685 Atellae
800 3629 834 3688 Q.
844 3626 954 3677 Mulier
965 3625 1040 3676 nar.
1055 3625 1097 3675 Ex
1108 3629 1161 3701 ret.
1171 3621 1218 3674 tlt.
1228 3629 1258 3674 rt

157 3694 210 3760 lap.
228 3695 340 3759 Capitol.
357 3694 451 3746 reiecit
467 3695 604 3760 Sigon-¹
623 3695 807 3760 Ualromqse
827 3693 909 3743 (iren.
927 3693 1052 3741 crea-t
1069 3690 1154 3739 Mum
1174 3688 1258 3738 Grou.

157 3757 235 3824 Douj.
243 3759 370 3812 cren-l
385 3761 491 3826 ‘Sigon
504 3757 748 3824 urulertlectloneun
757 3757 867 3808 moetus
875 3759 1007 3806 aaran:
1018 3754 1157 3820 placetque
1165 3753 1258 3803 Frein-

155 3824 255 3876 tironio
272 3825 306 3876 ad
322 3825 449 3877 Curtium.
483 3825 577 3878 Nortri
594 3831 680 3876 umen
696 3839 784 3876 omues
800 3818 1053 3886 tenentrulgatan?
1069 3817 1259 3870 anom-

653 3971 764 4024 ΝΟΊἘ

187 4065 329 4132 'Men
343 4071 521 4135 umnec,
538 4067 594 4135 se]
610 4069 688 4122 treet
758 4069 774 4100 ·
791 4067 825 4121 n.
836 4066 873 4120 u.
883 4065 916 4116 c.
926 4067 984 4116 rra.

156 4145 206 4197 noe
220 4145 343 4195 iudiciuin
355 4152 382 4195 et
392 4145 540 4197 adhortatio
548 4151 626 4211 esset,
635 4161 688 4197 non
759 4144 838 4197 *Ter
853 4144 900 4194 tort
920 4135 1062 4200 m]
1090 4134 1123 4186 lo
1144 4142 1194 4198 ert,
1215 4142 1257 4188 ter

156 4217 417 4285 tarnuanense
439 4223 512 4288 quari
531 4237 578 4286 pro
595 4219 686 4274 suffra·
727 4212 1256 4281 astiludillonraulaoapiteodealoetu,
1365 4265 1369 4272 ,

156 4297 201 4362 gio
225 4295 311 4348 valere
335 4297 432 4350 debere
456 4300 574 4354 eonsules
596 4300 687 4352 tertull
726 4310 753 4351 et
765 4300 837 4349 nullu
845 4302 919 4362 perte
928 4293 1022 4343 rituum
1040 4288 1146 4353 orulrra3
1157 4289 1205 4341 red
1215 4305 1257 4342 ru·

15 4399 20 4410 ·
155 4379 225 4426 suut.
725 4377 777 4433 eris
788 4376 929 4433 uunu,&u.
937 4375 978 4422 ter
989 4365 1120 4433 repetitis.
