3259 5225
468 561 540 614 ura.
563 563 694 616 xxvrr.
717 565 800 616 oar.
819 549 874 616 46.
1128 551 1217 618 2377

118 707 199 773 inde
212 707 315 774 terme
327 727 446 794 passus
462 708 661 788 Hasdmbal
676 685 802 778 aberat.
848 710 970 798 Itaque
983 730 1058 778 cnm
1069 709 1142 796 jam
1154 730 1217 795 ap·
1277 703 1280 710 ’

111 809 369 896 propinquaret,
384 816 492 877 tectus
510 814 677 878 montibus
694 815 847 880 substitit
862 815 967 894 Nero,
986 833 1029 879 no
1045 822 1124 880 ante
1135 833 1217 879 noo·

119 917 189 978 tem
204 918 313 978 castra
326 913 561 996 ingrederetur.
605 913 748 982 Silentio
763 914 916 1000 ingressi,
926 916 972 980 ab
985 917 1039 980 sui
1054 915 1217 1000 quisque⁷

119 1014 249 1080 ordinis
263 1013 452 1084 hominibus
465 1017 501 1082 iu
516 1019 654 1082 tentoria
669 1017 817 1096 abducti,
832 1038 909 1084 cum
923 1037 1055 1086 summa
1068 1017 1218 1082 omnium

118 1118 239 1184 laetitia
263 1117 475 1203 hospitaliter
504 1119 731 1203 excipiuntur.
785 1119 931 1187 Postero
959 1119 1015 1185 dio
1042 1119 1218 1186 consilium

117 1219 283 1299 habitum,
296 1223 352 1286 eui
370 1227 404 1287 et
419 1222 458 1287 L.
475 1221 622 1289 Poroins
642 1221 783 1289 Licinus
806 1227 931 1308 praetor
944 1223 1051 1289 affuit
1096 1222 1218 1289 eastra

113 1322 233 1407 junctu
248 1323 427 1390 consulum
442 1326 562 1390 eastris
577 1326 731 1405 babebat,
746 1331 781 1390 ot
801 1331 878 1390 ante
893 1325 1075 1391 adrentum
1090 1344 1216 1403 eornm,

118 1445 184 1510 per
196 1425 273 1492 loca
292 1427 364 1492 alta
381 1425 535 1494 ducendo
558 1428 758 1506 exercitum,
776 1447 852 1493 cum
865 1427 968 1493 modo
982 1427 1144 1493 insideret
1157 1447 1219 1494 an·

119 1536 235 1612 gustos
250 1529 371 1609 saltus,
388 1536 427 1596 nt
440 1530 617 1600 transitum
630 1529 806 1608 clauderet,
818 1531 922 1596 modo
933 1531 977 1597 ab
988 1533 1093 1596 latere
1104 1538 1162 1595 ant
1172 1531 1218 1596 ab

119 1637 213 1714 tergo
232 1638 383 1716 carperet
404 1653 536 1716 agmen,
560 1631 752 1699 ludificatus
771 1631 899 1700 hostem
921 1634 1074 1698 omuibus
1089 1633 1216 1698 artibus

118 1735 201 1800 belli
214 1733 333 1800 fuerat.
376 1733 415 1800 Is
430 1742 500 1800 tum
516 1736 551 1800 in
574 1735 717 1801 consilio
732 1735 863 1800 aderat.
908 1732 1095 1800 Multorum
1109 1754 1151 1800 eo
1165 1734 1218 1800 iu·

118 1835 268 1902 oliuant8
288 1837 476 1917 sententiae,
492 1837 633 1914 ut,·dum
648 1838 772 1904 lassum
784 1838 842 1904 via
860 1857 903 1904 ac
923 1837 1047 1922 vigiliis
1066 1835 1218 1903 reticeret

117 1938 258 2004 militem
274 1938 308 2004 N
310 1958 379 2017 ero,
396 1939 497 2006 simul
519 1947 553 2004 et
573 1940 617 2004 ad
636 1939 840 2005 noaoendnm
859 1939 990 2004 hostem
1005 1957 1137 2024 pancos
1149 1937 1218 2003 sibi

117 2046 267 2106 sumeret
278 2041 360 2120 dios,
374 2050 511 2127 tempus
526 2060 648 2127 pugnae
664 2041 863 2108 differretur.
907 2041 1002 2108 Nero
1013 2061 1079 2117 uon
1094 2038 1218 2106 suade·

115 2162 154 2206 re
167 2141 280 2223 modo,
291 2142 351 2210 aed
362 2162 492 2209 summa
506 2164 573 2228 ope
583 2163 676 2210 orare
688 2145 821 2222 institit,
836 2150 900 2208 ‘ne
918 2144 1092 2210 eonsilium
1104 2163 1217 2221 suum,

117 2245 210 2330 qnod
232 2249 338 2312 tntum
363 2247 520 2312 celeritas
544 2246 693 2324 fecisset,
712 2248 923 2312 temerarium
946 2246 1106 2312 morando
1127 2245 1219 2312 snoe-

118 2357 205 2414 rent.
249 2348 366 2416 Errora
380 2349 457 2438 (qni
479 2368 545 2415 uon
562 2349 741 2416 diuturnus
761 2350 895 2415 iuturus
915 2354 1020 2430 esset)
1041 2349 1135 2415 velut
1149 2363 1218 2414 tot-

118 2455 252 2534 pentem
268 2449 494 2517 Hannibalem
510 2471 571 2518 nee
586 2457 698 2518 castra
712 2471 774 2517 sua
790 2453 862 2516 sine
877 2451 962 2516 duee
972 2451 1092 2516 relicta
1103 2470 1219 2534 aggre-

121 2554 167 2634 di,
196 2573 258 2621 nee
281 2555 324 2621 ad
347 2556 551 2642 sequendum
570 2575 608 2623 se
631 2556 693 2622 iter
714 2556 926 2622 intendisse!
969 2552 1155 2639 Antequam
1177 2575 1217 2621 se

117 2664 265 2738 moreat,
284 2659 388 2725 deleri
410 2660 597 2726 exercitum
622 2659 848 2726 Hasdrubalis
867 2679 982 2743 posse,
1004 2656 1170 2741 redirique
1183 2658 1218 2722 in

115 2760 325 2845 Apuliam.⁹¹
370 2761 442 2841 Qui
453 2761 656 2847 prolatando
668 2763 815 2847 spatium
832 2760 924 2827 boati
936 2762 1003 2841 det,
1021 2780 1097 2825 eum
1111 2764 1146 2825 et
1156 2759 1218 2826 illa

117 2872 232 2928 castra
246 2864 385 2948 prodere
399 2864 594 2943 Hannibali,
610 2872 646 2930 et
661 2866 789 2949 aperire
805 2865 841 2929 in
851 2864 1003 2930 Galliam
1016 2864 1091 2943 iter,
1106 2869 1145 2927 ut
1158 2882 1218 2945 per

118 2966 238 3044 otium,
254 2967 311 3031 ubi
330 2966 419 3039 velit,
442 2966 653 3035 Hasdrubali
675 2968 908 3051 conjungatur.
948 2966 1137 3049 Extemplo
1151 2966 1218 3049 sig-

116 3088 196 3133 uum
212 3068 370 3146 dandum,
385 3076 421 3134 et
434 3070 627 3136 exeundum
643 3072 679 3135 in
693 3072 813 3150 aciem,
829 3069 1095 3153 abutendumque
1108 3085 1217 3132 errore

116 3170 265 3236 hostium
286 3170 473 3237 absentium
487 3175 802 3258 praesentiumque,¹⁰
825 3171 903 3237 dum
915 3190 1023 3257 nequa
1043 3169 1093 3236 illi
1109 3170 1218 3235 sciant

150 3320 314 3372 ‘Sadediaae
324 3322 350 3373 ia
361 3321 433 3381 amm,
443 3322 539 3372 oetttrr
548 3322 687 3388 arripuisse.

448 3438 451 3445 ’
580 3432 762 3454 mmm

149 3520 166 3595 t
184 3516 258 3567 ‘Pro
268 3518 366 3595 quisqu
376 3516 495 3567 Periaou.
507 3516 538 3604 :td
555 3530 636 3595 marg.
655 3516 711 3565 liv.
728 3514 828 3593 mfrnlt
844 3514 948 3579 quiqu,-
963 3514 1009 3593 aad
1019 3514 1169 3590 ,elegantius
1187 3512 1218 3563 ab

113 3578 1219 3721 wuwtmbuul

113 3711 209 3762 rnedtia
221 3712 316 3763 verbis.
350 3712 421 3765 Hine
433 3712 514 3764 Gran.
526 3712 594 3774 ennj.
606 3716 731 3775 antequam
741 3724 766 3760 aa
775 3714 876 3773 mant,
894 3708 1007 3760 debellati
1020 3711 1218 3785 pomeremque

114 3780 144 3828 ia
152 3776 275 3841 Apuliam
307 3778 364 3828 Noa
374 3792 422 3840 pro
434 3778 502 3841 vulg.
512 3776 635 3841 raraeque
645 3777 695 3838 (re.
706 3773 747 3837 aa)
758 3775 919 3847 reposuimus
930 3774 1059 3839 redirique,
1070 3789 1112 3824 eur
1125 3781 1219 3839 etque,

115 3840 308 3908 obseaenum,
319 3840 500 3907 mollimjuaqi
510 3838 711 3892 monatianum?
728 3840 832 3903 liupart.

611 3969 719 4022 Nom

149 4068 646 4135 'Miriqae[rrdiraqua]ia1paliura]
686 4065 990 4133 desaniqaeiadpulim.

115 4146 210 4198 Malim
219 4147 347 4212 redirique,
358 4154 388 4197 ot
404 4146 561 4212 reapondaat
578 4148 645 4212 prio-
718 4152 738 4179 ¹
752 4143 895 4195 Absentiam
913 4139 1123 4206 Maure]
1139 4140 1219 4190 Uter·

115 4224 138 4272 ri
156 4222 265 4286 partire
277 4224 347 4273 vania
359 4222 448 4287 verbo,
464 4224 540 4273 deleri
553 4225 645 4273 aaut·
686 4219 880 4286 quaereroltur
891 4219 1017 4283 deceptor
1033 4234 1050 4269 a
1064 4219 1180 4280 Nerone,
1189 4224 1218 4266 et

114 4300 646 4364 tarr:etcolbartiui,omiaairperimpru·
686 4296 841 4347 Hannibalis
873 4295 997 4353 abaentla‚
1026 4301 1055 4347 et
1080 4295 1219 4360 prasentia

114 4374 234 4425 dentiam
257 4374 361 4433 librarii,
379 4389 437 4439 quae
460 4374 545 4424 media
560 4382 646 4437 erant,
686 4373 868 4425 Hasdrubalis.

115 4450 226 4515 habam,
240 4451 358 4515 delerique
373 4450 400 4499 ia
410 4451 532 4515 Apuliam.
567 4450 645 4501 Forte

183 4532 453 4596 [tumultuamur.
623 4531 716 4583 Liviae.
1093 4532 1109 4579 t
1127 4528 1152 4579 Q
