3259 5225
388 548 477 617 sols
854 568 889 615 r.
911 564 1010 613 crura

390 708 446 779 Ita
470 706 687 773 consociatus
711 706 909 792 triumphus,
934 724 1012 771 cum
1039 704 1183 789 utrique,
1208 710 1280 769 tum
1305 702 1414 784 magis
1441 702 1488 780 ei,

391 811 462 898 qui,
476 816 632 895 quantum
654 811 771 875 morito
793 811 955 889 anteibat,
968 815 1096 875 tantum
1115 808 1241 874 bonore
1256 805 1396 887 collegae
1409 822 1487 869 ces·

391 920 493 992 serat,
508 912 646 996 gloriam
660 914 772 981 auxit:
801 913 917 977 ‘illum
933 909 1097 998 equitem'
1110 910 1245 975 aiebant
1257 913 1267 943 ‘
1279 924 1344 973 sex
1357 906 1489 971 dierum

391 1018 505 1101 spatie
527 1016 763 1081 transcurrisse
788 1014 1029 1097 longitudinem
1055 1013 1177 1092 Italics,
1202 1018 1236 1077 et
1259 1030 1304 1075 eo
1327 1010 1383 1074 die
1407 1028 1489 1075 oum

392 1116 609 1187 Hasdrubale
631 1117 665 1183 in
688 1114 823 1184 Gallia‘
840 1116 945 1198 signis
965 1114 1100 1181 collatis
1122 1130 1304 1197 pugnasse,
1321 1130 1388 1195 qao
1409 1126 1490 1175 eunt

393 1226 507 1289 castra
531 1219 694 1286 adversus
717 1239 795 1284 sese
820 1220 854 1284 in
875 1218 1001 1303 Apulia
1026 1218 1141 1302 posits
1165 1216 1288 1281 babere
1313 1213 1491 1279 Hannibal

392 1322 600 1389 credidisset.
644 1322 702 1388 Ita
719 1341 823 1388 nuum
836 1323 1008 1387 consulam
1023 1340 1086 1405 pro
1100 1326 1242 1403 ubsque
1256 1325 1352 1403 parte
1371 1315 1489 1381 ltalia

392 1426 554 1491 advorsus
584 1425 667 1491 duos
696 1424 811 1505 duces,
837 1425 923 1489 dnos
948 1424 1180 1509 imperatores,
1204 1422 1282 1489 binc
1310 1419 1490 1485 consilinm

393 1546 503 1604 suum,
533 1525 609 1592 binc
640 1546 764 1610 corpus
791 1527 1008 1610 opposuisse.
1065 1523 1198 1591 Nomen
1226 1522 1376 1591 Neronis
1403 1523 1492 1585 satis

392 1628 499 1696 inisse
519 1628 563 1694 sd
584 1627 817 1693 continendum
831 1629 950 1693 castris
965 1626 1211 1693 Hannibalem:
1234 1624 1489 1690 Hasdrubalem

394 1750 485 1806 voro,
499 1748 568 1816 qua
590 1729 658 1795 alia
679 1750 726 1809 ro,
743 1750 844 1813 qnam
867 1728 1013 1794 aduentu
1037 1728 1123 1813 ejus,
1137 1730 1289 1794 obrutam
1304 1735 1408 1810 atque
1429 1746 1491 1790 ex-

392 1832 533 1904 tinctum
563 1832 664 1897 esset
718 1832 842 1915 ltaque
870 1833 935 1897 iret
960 1831 1044 1897 alter
1068 1831 1190 1896 consul
1213 1830 1366 1895 sublimis
1393 1846 1491 1893 curra

253 1954 263 1974 ·
393 1934 586 2018 multijugis,
603 1934 633 1999 si
654 1934 765 2011 vellet,
781 1936 887 2019 equis.
931 1933 1009 2000 Uno
1033 1955 1122 2020 equo
1146 1954 1206 2019 per
1226 1932 1354 1997 Urbem
1375 1950 1491 1996 verum

393 2036 596 2119 triumphum
621 2036 717 2117 vebi3
746 2036 996 2122 Neronemque,
1021 2039 1125 2103 ctiam
1150 2037 1181 2101 si
1210 2035 1315 2119 pedes
1341 2032 1491 2110 incedat,

393 2136 452 2203 vel
475 2142 571 2219 parta
595 2156 635 2203 eo
659 2138 762 2215 bello,
778 2140 834 2203 vel
853 2144 969 2222 spreta
986 2160 1029 2204 eo
1045 2138 1212 2223 triumpho
1230 2138 1347 2221 gloria,
1362 2154 1491 2199 menso·

393 2238 534 2305 rabilem
554 2238 647 2305 fore?
689 2239 740 2304 Hi
761 2258 930 2307 sermones
952 2242 1177 2327 spectantium
1197 2239 1370 2306 Neronem
1382 2256 1492 2322 nsque

394 2341 429 2406 in
458 2340 661 2426 Capitolium
688 2345 861 2426 prosecuti
887 2351 972 2410 sont
1024 2344 1209 2411 Pecuniam
1220 2352 1246 2383 ¹⁰
1273 2344 1308 2407 in
1334 2340 1491 2407 aersrium

394 2444 539 2513 tulerunt
560 2445 751 2511 sestertium
775 2446 903 2525 tricies,
926 2448 1101 2531 octoginta
1122 2446 1228 2511 millia
1250 2446 1355 2511 aeria.⁸
1398 2442 1493 2508 Mili·

395 2546 489 2614 tibns
510 2546 561 2612 Μ.
576 2546 694 2614 Liuius
712 2549 966 2633 quinquagenos
978 2568 1080 2616 seuos
1094 2545 1214 2615 assesl
1232 2547 1358 2612 divisit.
1400 2544 1492 2610 Tan·

395 2633 534 2714 tandem
553 2649 595 2716 C.
611 2649 776 2715 Claudias
799 2652 995 2716 absentibus
1017 2652 1179 2716 militibus
1201 2651 1272 2715 sais
1291 2656 1344 2715 est
1359 2648 1494 2732 pollici-

395 2758 465 2830 tus,
486 2771 561 2818 cam
584 2752 627 2817 ad
649 2753 833 2819 exercitum
854 2752 1011 2818 redisset.
1056 2751 1231 2833 Notatum,
1253 2771 1297 2817 eo
1319 2749 1375 2816 die
1395 2751 1494 2836 plara

851 2933 1034 2956 ”omnem

397 3029 460 3084 toris
472 3030 578 3082 audacis
588 3030 725 3084 msniieste
737 3033 842 3097 procu)
854 3035 883 3084 d.
896 3035 925 3086 F.
938 3035 1067 3086 (lm—tt
1083 3034 1161 3084 belet
1177 3033 1296 3086 ilbensn.
1306 3031 1495 3096 pertinuisset

396 3097 535 3147 lectionem
546 3096 664 3148 defendit
676 3099 807 3164 satiqusur
817 3102 927 3162 qaam
936 3102 963 3150 is
970 3101 1102 3164 provincis,
1110 3103 1152 3163 &0-
1161 3097 1260 3160 seiont,
1271 3099 1397 3149 mter·
1419 3099 1493 3147 ‘Eas

398 3169 485 3214 sutem
495 3169 585 3212 tenent
595 3164 655 3213 Pur.
664 3173 691 3213 et
699 3179 787 3213 omnes
795 3166 908 3215 melioris
920 3174 986 3214 note
996 3166 1062 3215 libri.
1078 3166 1106 3215 st
1119 3179 1224 3228 usqum
1234 3178 1315 3213 nrsss
1326 3177 1417 3212 areum
1428 3160 1495 3211 feeit

398 3225 563 3276 shannatus
574 3225 646 3276 lecit.
673 3229 723 3278 Sed
734 3237 762 3278 et
770 3230 928 3292 duplicatum
940 3236 967 3280 st
979 3231 1049 3280 terre
1061 3244 1112 3278 non
1124 3233 1219 3293 potuit.
1247 3229 1312 3278 Hse
1323 3242 1414 3278 revers
1425 3229 1496 3278 sutl·

398 3305 451 3357 qua
461 3289 570 3342 iormnls
581 3291 636 3343 est'
651 3293 678 3344 J.
688 3295 719 3344 F.
733 3294 876 3345 crea-ro
888 3295 1000 3345 Perseia
1010 3295 1092 3346 Gron.
1103 3293 1212 3359 Doajst·
1220 3293 1298 3344 cuer.

893 3425 1002 3476 Now

398 3529 488 3582 Vster.
496 3533 568 3583 Μιι.
576 3533 621 3586 lib.
629 3548 668 3585 rr.
677 3551 734 3600 esp.
749 3541 771 3587 t.
966 3553 1143 3589 nummorum:
1171 3539 1281 3603 llelgies
1303 3551 1366 3589 vero
1384 3539 1495 3601 pecunia

432 3605 442 3641 ¹
451 3607 513 3659 Cass
523 3609 673 3662 Hasdrubale
683 3613 710 3661 is
718 3613 811 3679 Gallia]
821 3613 852 3663 lu
863 3615 926 3665 Um·
966 3617 1132 3681 septuaginta
1143 3617 1258 3681 qulnqae
1269 3615 1348 3666 suillis
1359 3618 1495 3679 octingen-

398 3682 466 3747 bria,
474 3699 549 3750 qnam
559 3686 628 3737 (tstli
640 3697 841 3753 occupaverant.
966 3693 1114 3742 fiseutati.
1152 3691 1207 3740 Pro
1226 3693 1360 3755 omogints
1381 3692 1495 3742 miltites

406 3777 410 3784 ·
432 3771 445 3807 Ι
460 3763 602 3814 Seuerum
613 3766 703 3831 ubter,
721 3769 842 3832 megisto
852 3770 928 3821 ustitia
967 3767 1034 3829 seris,
1049 3767 1148 3817 Maret.
1159 3781 1194 3817 ex
1206 3775 1258 3818 set.
1276 3767 1321 3818 lib
1336 3767 1442 3832 legebst
1456 3783 1495 3818 se·

398 3840 466 3903 eris]
474 3839 566 3906 Polyb.
574 3843 836 3909 ptusqnsmtreoents
845 3849 928 3896 tsten·
966 3845 1171 3907 maisnillis.

399 3917 698 3984 tabicunrnerst‚qood
716 3929 785 3972 esset
799 3923 856 3986 plns
870 3937 928 3987 sep·
999 3921 1140 3971 Sestertisss
1151 3921 1244 3986 tricies]
1262 3921 1303 3970 Es
1315 3919 1415 3970 csleuls
1427 3919 1497 3969 Gro-

399 3995 528 4058 tnsgesles
539 3995 588 4046 bis.
616 3997 729 4048 Dubitat
739 3998 836 4049 idcireo
846 4000 928 4052 Gran.
966 3999 1038 4049 ecrit
1064 4003 1171 4051 mttt.
1194 3997 1303 4050 florenos
1330 3997 1497 4047 Hetlsediee

397 4084 432 4121 sn
443 4071 572 4122 exciderit
583 4073 659 4123 liters
667 4073 736 4131 laet
748 4075 928 4126 notatamiue·
967 4074 1095 4139 pecunie.
1128 4074 1159 4124 Id
1180 4083 1266 4125 minen
1284 4073 1409 4136 majorem
1427 4087 1497 4122 sum·

400 4149 443 4196 rlt·
456 4159 543 4198 txxs.
560 4147 628 4214 quod
641 4155 681 4199 est
693 4151 818 4214 octogies,
835 4151 862 4200 ld
879 4159 929 4215 est,
967 4163 1035 4200 maor
1046 4147 1127 4199 t'utsss
1138 4157 1224 4214 potat.
1240 4150 1267 4200 J.
1282 4143 1397 4200 ebriosa

400 4229 520 4273 meante
533 4224 643 4289 triginta
661 4225 713 4275 tris
725 4227 835 4290 talents,
845 4227 929 4294 sigin·
998 4225 1371 4292 herluastsgeuussesessesses]
1389 4225 1496 4277 Nostra

401 4298 424 4348 tl
444 4299 528 4350 mlum.
559 4301 713 4351 Sestertium
731 4304 821 4353 tricies
841 4311 930 4356 emeat
967 4311 1078 4356 maneta
1087 4319 1158 4355 asses
1165 4305 1270 4354 circiter
1279 4307 1320 4354 ts.

402 4387 436 4425 es
453 4375 578 4427 Grouosil
592 4377 694 4428 calculo
713 4386 819 4429 centnm
836 4381 929 4445 rlginti
1001 4383 1186 4446 Quantus
1203 4380 1284 4444 ceses]
1315 4379 1430 4431 circiter
1454 4383 1498 4432 tt.

403 4463 449 4502 sss
461 4453 562 4504 tslssts
579 4453 671 4505 deustis
690 4463 801 4520 qastscr
816 4457 929 4509 saltubus
968 4465 1095 4511 starsrcs.
1116 4459 1144 4510 J.
1156 4457 1270 4510 curicus.
