3259 5225
461 524 534 574 nrn.
558 523 706 574 xxvrrr.
729 522 813 573 err.
834 506 868 573 6.
1126 502 1213 570 2401

108 673 213 737 turris
229 670 372 758 quinque
385 672 623 749 tabulatorum,
635 667 801 752 egregium
813 663 1110 752 propugnaculum,
1119 664 1215 730 clau·

107 775 224 840 debat
270 776 323 839 lbi
340 775 447 857 primu
468 772 715 838 atrocissimum
738 774 947 834 contractum
967 774 1020 830 est
1034 771 1213 845 certamen,

108 885 147 942 et
163 886 249 942 turre
265 878 427 942 instructa
443 875 534 940 omui
549 893 667 956 genere
688 873 839 948 telorum,
860 876 892 934 et
906 869 1076 934 tormentis
1089 871 1215 933 machi·

108 980 233 1062 nisque
257 979 299 1042 arl
316 976 576 1062 oppugnandam
594 996 668 1040 eam
688 994 732 1038 ex
749 975 890 1038 navibus
905 970 1083 1054 expositis.
1126 969 1213 1035 Cum

108 1081 261 1145 omniurn
289 1081 419 1144 animos
448 1078 632 1160 oculusque
657 1075 692 1140 id
716 1083 884 1140 certamen
907 1073 1095 1149 avertisset,
1119 1078 1215 1156 porta

107 1183 290 1247 maritimae
306 1183 393 1246 arcis
409 1181 527 1244 Plator
542 1178 717 1244 Romanos
733 1177 874 1261 accepit,
896 1181 1131 1259 momentoque
1153 1193 1214 1238 arx

108 1289 280 1368 occupata
295 1289 357 1348 est.
414 1281 599 1366 Oppidani,
613 1280 704 1364 pulsi
720 1279 796 1344 inde
811 1280 846 1343 in
862 1279 1010 1343 mediam
1023 1278 1154 1354 urbem,
1170 1276 1214 1341 ad

108 1389 254 1453 alteram
271 1386 404 1453 tendere
421 1405 541 1450 arcem.
580 1384 682 1448 Et'ibi
696 1383 801 1468 positi
812 1389 916 1462 erant,
932 1381 991 1464 qui
1005 1379 1095 1444 sores
1109 1384 1214 1463 portua

109 1489 307 1573 objicerent.
351 1488 409 1554 Ita
423 1487 557 1554 exclusi
576 1487 609 1550 in
629 1486 743 1551 medio
764 1484 936 1550 caeduntur
958 1482 1216 1566 capiuntnrque.

109 1591 339 1657 Macedonum
354 1589 551 1676 praesidium
567 1589 807 1671 conglobatum
817 1588 882 1651 sub
894 1586 983 1652 arcis
993 1605 1089 1650 muro
1100 1585 1214 1664 stetit;

108 1714 176 1759 nec
190 1695 269 1777 fuga
284 1693 388 1758 effuse
403 1693 522 1776 petita,
537 1711 599 1756 neo
615 1690 828 1774 pertinaciter
850 1690 969 1773 praelio
991 1687 1088 1753 inito.
1140 1686 1213 1750 Eos

108 1797 241 1874 Plator,
258 1797 353 1860 venia
375 1815 395 1860 a
415 1780 570 1878 Sulpicio
590 1793 783 1876 impetrata,
801 1794 836 1857 in
849 1812 953 1858 naves
967 1792 1148 1875 impositos
1169 1791 1215 1856 ad

109 1899 320 1964 Demetrium
330 1897 712 1979 Phthiotidis'errposnit
722 1915 730 1961 ε
741 1892 753 1930 ¹¹
765 1897 839 1980 ipse
853 1895 896 1960 ad
907 1893 1056 1960 Attalum
1070 1913 1107 1958 se
1124 1913 1215 1958 rece·

108 2004 173 2086 pit.
195 2000 378 2084 SulpiciuS,
389 2007 458 2065 tam
471 1999 565 2065 sacili
575 1998 618 2064 ad
632 1998 756 2064 Oreum
771 2017 932 2064 successu
947 1997 1067 2074 elatus,
1079 1994 1214 2061 Chalci-

109 2105 188 2169 dem
201 2103 279 2170 inde
295 2109 458 2189 protenus
472 2103 601 2169 victrici
612 2101 723 2168 classe
733 2102 831 2186 petit.
869 2101 939 2167 Ubi
950 2098 1212 2185 haudquaquam

110 2207 157 2272 ad
172 2226 269 2291 spem
284 2214 424 2299 eventus
433 2205 619 2290 respondit.
670 2206 726 2270 Ex
738 2204 864 2289 patenti
878 2195 1041 2286 utrimque
1054 2209 1214 2266 coactum

108 2310 146 2373 in
164 2309 338 2392 angustias
351 2327 440 2373 mare
458 2309 605 2392 speeiem
625 2307 766 2373 intuenti
784 2307 894 2390 primo
909 2305 1032 2388 gemini
1046 2309 1163 2388 portus
1178 2304 1214 2368 in

110 2429 175 2475 ora
198 2409 265 2474 duo
288 2411 377 2476 versi
399 2410 601 2494 praebuerit:
637 2407 696 2473 sed
724 2408 813 2473 haud
834 2409 935 2472 facile
966 2408 1033 2472 alia
1063 2405 1215 2470 infestior

109 2511 215 2580 classi
232 2513 334 2578 statio
348 2517 409 2578 est.
454 2512 544 2578 Nam
560 2517 594 2580 et
604 2511 695 2578 venti
710 2512 753 2575 ah
764 2511 939 2594 utriusque
951 2515 1049 2573 terrae
1065 2508 1214 2593 praealtis
1299 2543 1304 2556 ›

109 2616 281 2682 montibus
304 2616 404 2681 subiti
424 2636 466 2682 ae
487 2615 671 2702 procellosi
691 2634 728 2681 se
749 2608 959 2701 dejiciunt,²¹
979 2619 1015 2677 et
1028 2611 1148 2677 fretum
1161 2611 1215 2696 ip·

573 2798 619 2819 m
621 2797 756 2820 OOOOOOOO

109 2916 188 2965 alteru
203 2914 270 2964 urbia
284 2914 361 2965 medie
373 2920 417 2966 rut.
451 2913 495 2964 lta
506 2913 611 2965 scribe?
626 2916 654 2964 J.
666 2916 695 2965 F.
709 2916 837 2964 Grau-l
854 2912 924 2965 Olim
936 2909 1083 2976 legebatur,
1093 2910 1215 2961 derident.

110 2982 119 3009 ‘
132 2980 242 3041 Omnes,
251 2987 281 3030 ut
292 2986 352 3029 ante
362 2980 479 3031 Rhenan.
490 2985 513 3029 et
524 2979 591 3030 uerti
600 2981 631 3030 uh
640 2982 764 3044 utrimque
780 2984 853 3029 terro
861 2979 969 3042 proedtiu
976 2976 1095 3027 matum
1104 2976 1178 3025 nubiti
1187 2990 1217 3025 ac

107 3045 234 3107 procellosi
243 3044 365 3104 dq'ieiurrt.
383 3046 478 3094 Pomm
490 3044 607 3107 cogitare
619 3046 679 3095 ille:
697 3045 769 3094 renti
782 3052 890 3107 ponunt,
900 3050 1012 3103 mutant,
1021 3047 1137 3091 vertunt.
1159 3040 1217 3091 Aut

111 3110 134 3157 ei
155 3109 204 3159 hoc
224 3108 355 3171 displicet,
370 3110 456 3159 mitiur
473 3119 546 3160 certe
562 3108 649 3159 fueret
663 3110 788 3173 procellam·
808 3124 835 3158 u
849 3108 973 3169 dejicient,
996 3115 1043 3155 aut
1060 3106 1215 3167 dejicientur,

110 3190 189 3241 quern
200 3174 319 3231 deeidmrt,
330 3174 399 3241 quod
410 3190 442 3224 ex
456 3175 513 3225 sole
523 3176 643 3239 opinione
655 3175 773 3225 Rhenum
788 3180 946 3239 recepernnt
955 3169 1033 3223 Edd'
1049 3172 1078 3222 J.
1090 3171 1122 3221 F.
1136 3171 1215 3220 Grae.

111 3402 295 3458 trabearum
316 3400 479 3453 arctamenta
501 3408 554 3453 ert.-
579 3417 643 3469 quo·
712 3397 1085 3454 ¹‘AdDerrutriuurPhthiotidis
1093 3398 1217 3462 expernit]

111 3480 190 3531 modo
208 3480 285 3530 eeribi
300 3480 377 3544 juber
388 3480 503 3530 Gronov.
521 3496 578 3532 eam
591 3482 643 3533 ior·
683 3481 780 3532 Phthia
790 3479 878 3544 petrin
888 3477 941 3528 fuit
953 3475 1073 3534 Achillia,
1084 3481 1113 3524 et
1124 3473 1216 3523 Phthi·
1233 3492 1242 3507 ,

111 3572 179 3608 mern
192 3556 315 3621 loquendi
326 3556 422 3606 firmari
434 3566 570 3621 putamen
581 3559 645 3610 Silio
685 3557 736 3607 otis
758 3557 832 3619 regio
861 3553 1023 3605 Themelioe:
1052 3552 1216 3601 Demetrium

111 3632 207 3683 Italico
220 3632 264 3681 lib.
275 3644 295 3681 r.
313 3632 445 3682 'concidit
462 3635 548 3685 exacti
564 3636 644 3685 medi·
684 3640 770 3683 autern
781 3629 1116 3693 Thessalicumstepnruur
1123 3628 1216 3693 jecere

111 3724 141 3757 us
152 3721 199 3774 per
209 3708 311 3756 vincera
322 3708 387 3772 teli‚'
404 3716 433 3757 ut
449 3709 545 3759 hebent
556 3710 644 3760 melio·
684 3711 722 3761 nit
739 3711 771 3761 ad
784 3709 958 3771 Amphryrurn
977 3719 1086 3756 nrnuenr.
1119 3706 1216 3755 suano
1240 3750 1243 3757 .

111 3800 154 3834 reu
182 3782 321 3845 editiones,
348 3798 399 3847 quo
425 3785 561 3850 rignilicari
589 3790 645 3838 rult
684 3786 729 3836 lib.
748 3799 789 3835 rx.
824 3783 999 3845 Demetrium,
1018 3780 1057 3829 ric
1078 3779 1177 3831 dictum
1201 3794 1218 3830 ι

111 3861 214 3909 hortem
234 3860 272 3909 nlc
291 3858 435 3924 perfossum
455 3863 518 3927 telo,
528 3872 558 3913 ut
569 3864 645 3930 hujus
685 3863 789 3913 Cereris
810 3860 872 3911 suno
889 3875 947 3924 quer
970 3856 1073 3909 Graecia
1093 3856 1217 3918 Anulum,

110 3938 222 3987 nrerliam
236 3943 335 3999 parturn
347 3938 416 3985 iutra
428 3938 525 3987 viscera
537 3939 645 3991 abscon·
685 3940 710 3989 in
723 3938 823 3989 ditione
833 3934 974 3987 Preteeilei
985 3932 1063 3983 initae
1078 3934 1124 3989 eit,
1136 3942 1215 3997 etque

111 4014 195 4063 ditem
217 4013 320 4074 habeut,
344 4014 506 4076 prominente
526 4016 586 4065 binc
603 4030 644 4065 ca·
684 4016 718 4065 ab
730 4031 760 4064 eo
771 4015 898 4081 Pyrnennr
911 4019 1038 4073 vocarem,
1049 4009 1140 4060 nrbern
1156 4024 1214 4074 pur·

110 4091 186 4155 pulo,
204 4087 264 4137 inde
283 4102 414 4139 mucrone.
447 4090 513 4139 Mihi
530 4094 644 4156 priorum
685 4099 713 4141 tu
736 4090 880 4148 commode,
897 4093 939 4140 20.
967 4086 1052 4138 etedia
1078 4102 1094 4136 a
1120 4087 1217 4138 Thebir

111 4166 254 4218 lectionum
278 4166 401 4213 alterurn
423 4166 503 4231 magia
532 4168 644 4221 arridet:
684 4166 852 4217 Phthioticis.

111 4240 487 4306 urporenatirrr‚1icerrainm
503 4244 646 4300 recondite,
721 4236 823 4293 '‘Suhiti
843 4257 872 4291 ce
891 4240 1015 4305 procelloei
1038 4255 1065 4290 ee
1087 4238 1215 4306 wmimt]

112 4326 142 4369 et
161 4318 245 4367 minus
266 4314 390 4367 affectata
411 4318 507 4381 phrasi,
526 4322 645 4385 qualibus
685 4320 807 4383 Vulgarir
823 4334 839 4369 a
855 4317 980 4367 Rhennno
993 4316 1072 4366 lectio
1083 4316 1149 4365 mli
1160 4350 1167 4363 .

112 4409 165 4445 non
176 4408 280 4461 temper
291 4394 379 4460 utique
392 4394 480 4447 Lirim
492 4396 582 4447 utitur.
686 4396 811 4448 deridunt:
829 4394 921 4461 scripti
939 4403 1027 4445 autern
1046 4393 1144 4444 habent
1161 4407 1216 4457 pro-
