3259 5225
427 576 435 589 ⁶
481 618 555 667 nrn.
576 576 674 667 ω.
697 616 779 667 car.
800 604 835 671 7.
1122 598 1209 670 2091

110 760 293 848 pugnando
307 762 667 847 quarrerelibertatem.
709 762 823 829 Vistu
846 762 941 840 mari,
956 760 1009 829 ris
1035 768 1136 842 terra,
1158 763 1210 829 vis

111 867 199 944 acie,
220 867 273 931 ris
288 865 427 931 urbibus
440 866 673 951 oppugnandis
688 866 838 951 experiri
854 866 1039 931 virtuteml
1085 864 1210 951 Asper-

110 965 199 1033 rima
221 986 366 1052 quaeque
389 967 432 1033 ad
456 968 606 1034 laborem
634 970 883 1054 periculumque
912 967 1135 1053 deposcimus,
1158 973 1210 1046 ut,

111 1069 205 1155 qnod
219 1070 265 1136 ad
280 1069 414 1136 Cannas
435 1068 630 1136 iaciendum
654 1070 732 1151 init,
746 1091 848 1157 qnam
863 1070 1005 1155 primunr
1022 1068 1105 1152 fiut3
1126 1088 1211 1155 qno·

111 1172 215 1249 niam,
228 1172 392 1259 quicquid
406 1178 526 1258 postea
538 1173 697 1252 viximus,
723 1174 759 1239 id
782 1192 882 1239 omne
897 1173 1102 1241 destinatum
1115 1173 1210 1255 igno·

109 1274 226 1341 minim
241 1274 317 1341 est’

154 1378 189 1441 7.
225 1378 298 1443 Sub
321 1377 395 1443 brac
420 1375 511 1443 dictu
544 1378 588 1444 ad
617 1397 725 1462 genua
758 1376 917 1445 Marcelli
946 1378 1210 1464 procubuerunt.

111 1477 300 1545 Marcellus
313 1480 349 1544 id
363 1498 424 1545 nec
433 1481 533 1566 juris,
553 1500 616 1547 neo
631 1482 811 1566 potestatis
826 1502 896 1547 suae
913 1502 988 1547 esse
1004 1480 1105 1547 dixit.
1148 1481 1212 1546 Se·

110 1584 206 1647 natni
221 1584 425 1668 scripturum
438 1602 487 1662 se,
501 1584 681 1669 omniaque
695 1583 739 1649 de
754 1586 924 1650 sententia
942 1583 1083 1649 Petrum
1098 1582 1211 1649 iactu-

110 1701 186 1749 rum
198 1704 286 1751 esse.
301 1685 371 1752 Hae
379 1685 487 1753 litera
497 1685 541 1751 ad
553 1704 663 1751 novos
672 1685 830 1753 consules
845 1685 970 1766 allatae,
981 1705 1022 1751 ac
1033 1704 1092 1769 per
1101 1704 1163 1751 eos
1178 1686 1212 1750 in

111 1794 234 1853 senatu
247 1788 397 1854 recitata
413 1794 510 1853 sont:
525 1789 769 1873 consultusque
784 1789 828 1854 de
842 1789 896 1855 bis
910 1789 1018 1855 literis
1034 1790 1083 1854 ita
1099 1786 1211 1855 decre-

111 1888 165 1954 vit
179 1898 341 1957 senatus:
365 1891 566 1969 ‘Militibus
581 1892 639 1976 qni
654 1890 698 1957 ad
713 1891 851 1958 Cannas
867 1892 1112 1957 commilitones
1128 1910 1211 1957 suos

110 1998 299 2075 pugnantes
314 1994 554 2073 deseruissent,
576 2002 731 2059 senatum
744 1994 826 2059 nibil
843 1994 967 2071 videre,
984 2013 1043 2059 cur
1058 2012 1111 2058 res
1126 1996 1223 2079 pub-.

111 2094 185 2161 lica
198 2096 439 2163 committenda
455 2094 550 2163 sit.⁶⁰
592 2098 631 2164 Si
653 2098 704 2163 Μ.
731 2096 874 2164 Claudio
899 2096 1091 2181 proconsuli
1114 2095 1214 2163 aliter

111 2196 294 2277 videratur,
314 2198 449 2278 iaceret,
473 2199 595 2285 quode
611 2200 799 2288 republica
821 2200 954 2285 fideque
975 2219 1039 2266 sua
1056 2200 1212 2282 duceret3

111 2299 193 2365 dum
207 2320 251 2366 ne
265 2301 342 2386 quis
354 2320 468 2367 eornm
481 2322 615 2369 munere
629 2301 793 2382 vacaret(
807 2323 875 2368 neu
892 2303 980 2369 dono
993 2302 1131 2368 militari
1146 2302 1213 2367 vir·

110 2403 198 2469 tutis
223 2422 301 2487 ergo
320 2404 509 2484 donaretur,
534 2424 600 2470 neu
622 2406 657 2471 in
682 2404 818 2471 Italiam
841 2411 1077 2489 reportaretur,
1102 2405 1213 2469 donec

111 2505 224 2571 bostis
246 2507 283 2571 in
302 2512 390 2573 terra
416 2507 542 2574 ltalia⁷
564 2506 675 2576 esset?
718 2508 865 2575 Comitia
878 2506 999 2573 deinde
1022 2526 1044 2572 a
1067 2514 1212 2591 prestere

112 2610 243 2676 orbano
258 2612 302 2676 de
325 2617 461 2676 senatus
480 2612 643 2677 sententia
663 2610 839 2696 plebisque
864 2611 954 2677 scitu
979 2616 1054 2676 sunt
1075 2610 1212 2676 habita:

112 2712 239 2796 quibus
253 2713 359 2778 meati
374 2718 452 2780 sunt
467 2715 677 2799 quinqueviri
697 2715 801 2780 muris
825 2713 1041 2798 turribusque
1062 2713 1214 2779 reficien-

113 2813 181 2891 dis,
206 2820 242 2880 et
268 2815 432 2882 triumviri
459 2817 549 2897 bini;
571 2817 629 2881 nni
653 2817 761 2882 sacris
790 2816 1023 2901 conquirendis
1052 2815 1214 2899 donisque

112 2917 346 3002 persignandis
357 2925 390 3000 ;Ρ
411 2918 507 2984 alteri
526 2917 719 2986 reficiendis
732 2919 861 2988 aedibus
876 2919 1034 2986 Fortunae
1049 2927 1083 2984 et
1098 2917 1214 2983 matris

141 3099 160 3146 Ι
171 3102 425 3158 Macomades
434 3103 581 3156 aaronem
591 3119 688 3156 eam
698 3104 840 3157 moram
851 3103 955 3156 baberet.

147 3353 165 3399 ο
181 3347 284 3400 &autri
299 3349 361 3400 aiiii
376 3349 455 3400 sideri
471 3349 638 3416 respublica
653 3350 844 3402 munium
854 3363 903 3400 rrae
917 3347 985 3400 Edd.
997 3351 1056 3398 ruta
1066 3348 1216 3399 Gronov.-

609 3481 718 3534 Nom

147 3584 160 3610 ⁰
174 3575 359 3628 maiiil
368 3579 448 3630 uiden
459 3579 565 3644 [motui
582 3579 645 3630 atta
685 3580 765 3630 cuivis
777 3585 876 3631 notum.

113 3651 203 3715 siden]
217 3668 262 3703 rur
271 3654 412 3718 respublica
427 3657 594 3707 wnuitterrdu
607 3670 643 3706 es·
714 3657 784 3706 ”Uni
791 3657 866 3706 rueris
873 3651 1036 3719 conquirendis
1044 3649 1155 3714 deamque
1162 3664 1215 3714 per·

114 3727 165 3791 ret]
180 3729 224 3779 lta
238 3730 334 3793 malim,
348 3732 500 3796 conjectura
516 3732 597 3782 ducta
611 3746 645 3782 ex
682 3733 820 3796 mata]
837 3733 930 3783 Potest
941 3729 1051 3794 intelligi
1061 3727 1216 3791 conquisitio

115 3803 189 3856 colb.
199 3805 258 3859 cod.
274 3806 328 3863 nbi,
338 3806 440 3858 &nutui
453 3808 645 3858 Wrideretru
686 3812 726 3859 rel
745 3811 869 3861 librorum
886 3820 1025 3868 sacrorum,
1041 3803 1083 3853 val
1102 3803 1216 3867 piaculo·

114 3895 155 3930 m
173 3896 199 3946 p.
221 3884 390 3934 amemus
406 3888 537 3946 &estnon
555 3886 645 3941 solum,
685 3900 741 3936 rum
753 3885 924 3952 primirbiroe
937 3881 1074 3932 triumuiris
1084 3878 1215 3928 mandata.

115 3972 192 4022 quam
213 3968 246 4009 nt
264 3962 351 4024 vulgo,
372 3960 474 4012 &ederi
492 3960 554 4011 atta
568 3961 647 4011 &deri
685 3965 828 4017 (lutherius
845 3961 1009 4027 improbante
1020 3960 1134 4010 Gronov.
1150 3957 1217 4019 leqit

113 4049 166 4084 mr
179 4035 299 4100 publicus·
315 4037 506 4088 ommittendum
522 4051 583 4102 aare,
599 4035 647 4088 red
684 4039 852 4104 coinquinas,
874 4038 942 4104 quod
963 4035 1068 4086 verbnm
1084 4033 1118 4082 de
1135 4031 1215 4084 sacris

116 4111 196 4161 etiam
218 4125 306 4176 quam,
333 4122 363 4164 ut
380 4114 474 4164 scribit
490 4115 573 4166 Gran.
593 4113 645 4165 lari
686 4122 787 4166 tuntum
802 4115 869 4166 lucis
886 4109 1051 4177 amputandis
1067 4109 1110 4160 bie
1129 4107 1215 4174 sccipl

114 4187 260 4237 mutatione
277 4202 311 4237 ex
329 4188 392 4238 Put.
410 4197 438 4240 et
457 4190 517 4241 Pet.
532 4189 647 4240 amum
684 4198 789 4258 porret3
804 4206 864 4242 nam
887 4189 958 4256 apud
974 4189 1081 4241 Festum
1097 4187 1218 4252 conquire

114 4263 368 4316 nitsseidmcrrrm
375 4265 471 4329 publicu
480 4266 647 4318 metente
685 4275 736 4326 ert,
747 4268 893 4332 deputator
910 4279 994 4330 eoque
1007 4264 1088 4314 verbo
1098 4265 1139 4314 uri
1154 4268 1216 4315 suut

113 4343 156 4395 sit.
194 4343 299 4394 Etenim
325 4345 438 4398 solennis
463 4345 648 4411 pronuntiandi
685 4345 735 4396 bae
745 4359 822 4396 remu
829 4341 1018 4411 jurisconsulti.
1051 4339 1185 4405 Alpbeuur
1195 4339 1214 4392 1.

115 4417 230 4470 formula
248 4434 340 4471 rocem
358 4422 484 4487 passivam
503 4423 580 4472 rideri
599 4437 646 4486 po·
687 4435 768 4471 xxix.
790 4417 819 4470 ff.
842 4416 964 4481 ‘torath'
984 4424 1013 4468 et
1034 4418 1132 4468 Paulus
1151 4417 1169 4465 1.
1187 4428 1216 4466 v.

115 4497 168 4547 tim
190 4505 267 4563 amat,
283 4513 362 4565 quam
379 4500 491 4551 aeduam
506 4499 596 4564 uidae,
615 4507 646 4551 ur
683 4500 821 4549 ‘arborum
836 4493 1080 4548 intrimentorum?
1113 4493 1215 4556 Persis·
