3259 5225
454 487 527 538 urs.
552 485 679 536 xxvrr.
703 486 785 535 cnr.
806 469 862 534 31.
1117 467 1204 536 aaa?

100 633 199 697 ratus
220 629 414 716 Philippus,
429 631 538 700 victos
552 633 672 698 victori
688 633 754 697 sihi
771 632 856 698 ultro
870 629 1082 698 conditiones
1095 631 1202 698 l’erre:

102 737 173 798 ‘ne
188 741 288 799 antea
300 733 435 818 quidem
451 753 489 800 se
503 744 563 800 aut
577 735 619 800 do
633 755 718 819 pace
731 735 880 814 audisse,
898 739 956 800 aut
976 733 1130 801 inducias
1144 755 1203 819 pc·

102 835 256 920 pigisse,'
267 836 382 915 dixit:
389 857 484 921 spem
497 838 597 903 ullam
607 838 784 904 habentem
795 840 969 923 quieturos
977 839 1127 921 AEtolos3
1142 839 1204 903 sed

101 945 142 1004 nt
158 958 273 1005 omnes
287 941 402 1006 socios
416 944 522 1007 testes
536 941 688 1020 haberet,
703 960 739 1007 se
751 943 861 1026 pacis,
875 941 955 1006 illos
967 939 1048 1006 belli
1062 959 1204 1006 causam

103 1041 292 1124 quaesisse*
343 1042 399 1110 lta
426 1045 551 1109 inlecta
577 1063 663 1129 pace
688 1045 869 1110 concilium
898 1043 1035 1122 dimisit,
1063 1052 1206 1128 quatuor

103 1143 257 1209 millibus
283 1157 483 1210 armatorum
506 1147 630 1212 relictis
652 1146 696 1212 ad
714 1147 911 1231 praesidium
934 1145 1148 1226 Achaeorum,
1170 1155 1207 1212 et

104 1249 255 1330 quinquo
270 1247 379 1329 longis
393 1248 536 1312 navibus
548 1251 711 1332 acceptis.
747 1248 845 1329 Quas
856 1249 885 1312 si
895 1249 1076 1332 adjecisset
1088 1248 1205 1315 missas

102 1367 214 1432 nuper
239 1349 283 1414 ad
307 1369 345 1414 se
367 1349 471 1414 classi
493 1349 829 1433 Carthaginiensium,
853 1358 888 1416 ct
908 1370 954 1415 ex
979 1350 1141 1437 Bithynia
1161 1353 1206 1417 ab

101 1470 182 1533 rego
203 1451 328 1517 Prasia
353 1453 564 1517 venientibus
586 1453 740 1532 navibus,
765 1460 924 1520 statuerat
945 1455 1062 1520 navali
1086 1454 1206 1538 prelio

102 1553 273 1618 lacessere
297 1553 479 1632 Romanos,
495 1555 570 1640 Jam
589 1555 645 1620 diu
662 1555 695 1619 in
713 1576 756 1620 ea
771 1557 906 1639 regione
921 1561 1076 1640 potentes
1090 1557 1205 1622 maris.

103 1654 190 1738 Ipsa
204 1657 247 1721 ab
266 1676 308 1722 eo
323 1658 468 1722 concilio
480 1667 507 1696 ¹⁰
529 1657 639 1740 Argos
654 1677 847 1741 regressus:
868 1659 941 1745 jam
955 1660 1043 1725 enim
1058 1657 1207 1725 Nemeo·

101 1779 179 1824 rum
208 1761 387 1844 appetebat
411 1770 554 1845 tempus,
580 1781 658 1846 qum
682 1761 844 1828 celebrari
865 1762 1003 1829 volebat
1028 1763 1207 1847 praesentia

105 1881 182 1928 sua.
238 1891 243 1905 ν
317 1878 319 1886 ·

146 1963 201 2029 al.
224 1957 401 2050 Occupato
417 1986 491 2050 rega
507 1973 674 2050 apparatu
688 1963 851 2040 ludorum,
873 1973 908 2032 et
929 1986 989 2051 per
1010 1964 1084 2031 dies
1102 1964 1206 2032 festos

100 2068 272 2147 licentius,
287 2089 388 2153 quam
405 2071 490 2134 inter
503 2069 583 2136 belli
598 2077 762 2154 tempora,
777 2069 963 2137 remittente
986 2070 1146 2149 animum,
1163 2066 1205 2135 P.

101 2171 290 2256 Sulpicius,
312 2174 356 2237 ah
382 2155 566 2258 Naupacto
590 2173 778 2258 proiectus,
799 2174 939 2238 classem
964 2173 1097 2258 appulit
1119 2174 1207 2238 inter

102 2273 288 2356 Sicyonem,
305 2273 339 2339 et
359 2273 563 2353 Corinthum,
583 2294 766 2359 agrumque
780 2275 1003 2340 nobilissimae
1018 2274 1205 2341 fertilitatis

102 2374 212 2441 effuse
227 2377 382 2442 vastavit.
427 2377 535 2442 Fama
556 2377 629 2461 ejus
651 2379 697 2443 rei
719 2377 914 2462 Philippum
936 2379 979 2443 ab
998 2377 1088 2443 ludis
1111 2380 1207 2444 exci-

102 2480 172 2559 vit3
197 2480 386 2564 raptimque
409 2499 487 2546 cum
508 2479 664 2566 equitatu
679 2478 863 2564 protectus,
880 2480 989 2566 jussis
1005 2481 1168 2566 subsequi
1179 2491 1204 2521 ¹¹

100 2581 284 2667 peditibus,
305 2582 437 2668 palatos
459 2584 588 2669 passim
610 2603 669 2671 per
690 2603 789 2669 agros
810 2602 994 2669 gravesque
1015 2585 1133 2668 praeda
1153 2583 1207 2671 (nt

103 2686 166 2772 qui
188 2686 271 2751 nihil
294 2687 362 2752 talc
385 2685 586 2772 metuerent)
611 2687 747 2755 adortus
771 2685 960 2765 Romanos,
984 2688 1148 2771 compulit
1170 2689 1206 2753 in

99 2807 222 2853 nares.
267 2786 399 2853 Classis
415 2789 581 2868 Romana,
595 2789 856 2875 haudquaquam
869 2790 951 2855 laeta
965 2790 1091 2875 praeda,
1107 2787 1205 2857 Nau·

100 2896 242 2977 pactum
266 2890 377 2956 rediit.
421 2891 620 2977 Philippo¹²
651 2912 785 2977 quoque
811 2891 976 2973 ludorum,
1002 2894 1060 2977 qni
1086 2894 1205 2979 reliqui
1297 2952 1301 2959 .

98 3001 215 3073 erant,
243 2994 468 3061 celebritatem
492 3003 788 3082 quantaecumque,
815 2996 857 3061 da
886 2995 1053 3061 Romanis
1081 3002 1205 3077 tamen,

97 3098 257 3165 victoriae
271 3104 375 3183 partrc
395 3099 486 3163 fama
509 3099 677 3175 acuerat,³
698 3098 887 3183 laetitiaque
901 3098 1027 3181 ingenti
1043 3100 1206 3166 celebrati
1313 3142 1317 3150 -

97 3202 182 3267 sesti
204 3200 298 3283 dies3
321 3220 362 3266 eo
384 3202 493 3286 magis
513 3202 625 3281 etiam,
641 3200 746 3286 qnod,
761 3200 967 3285 populariter
983 3200 1097 3267 demto
1113 3204 1205 3287 capi-

98 3308 149 3371 tis
171 3304 318 3388 insignit
339 3323 551 3389 purpuraque
563 3312 587 3353 ¹³
611 3311 712 3388 atque
735 3303 804 3368 alio
826 3304 916 3386 regio
937 3302 1069 3383 habitu,
1090 3325 1205 3389 aequa-

97 3414 196 3474 verat
211 3406 331 3473 ceteris
347 3426 384 3471 se
398 3407 434 3471 in
448 3408 638 3491 speciem2¹
661 3425 729 3491 quo
743 3404 825 3470 nihil
839 3406 965 3489 gratius
987 3412 1041 3471 est
1061 3406 1207 3473 civitati·

132 3584 146 3619 ⁸
165 3584 298 3637 Celehritaa
308 3585 410 3648 dinam,
421 3586 462 3647 qa·
476 3590 616 3649 superum
626 3586 658 3635 od
669 3585 822 3651 perficiendos
831 3584 907 3649 ledor,
918 3589 989 3635 uada
998 3584 1083 3644 suerat
1094 3598 1126 3633 en
1135 3581 1206 3643 fmaa

96 3650 220 3713 mama,
230 3666 283 3714 quo
293 3650 339 3699 etri
347 3650 480 3711 mediocris,
493 3656 571 3701 tamen
582 3650 756 3716 qaaecumque
767 3656 839 3712 esset,
849 3652 879 3700 de
892 3650 1008 3700 Romanis
1017 3649 1104 3710 suem
1118 3650 1204 3709 relata,

96 3716 532 3781 paodmugaoiapretiohaheadaaa.
756 3714 938 3766 ‘Diadmeta

561 3842 742 3865 omnum

98 3928 274 3993 liutpert-lt)
289 3928 352 3981 Vct.
362 3928 407 3979 lib.
420 3934 481 3980 teat.
494 3928 583 3992 Sigon.
594 3928 645 3992 ipsa
654 3927 735 3978 hahita
746 3927 854 3978 smnio.

131 3998 165 4044 ll
184 3994 249 4044 Ver.
258 3994 303 4044 lih.
312 4000 374 4043 test.
385 3995 476 4057 Sigon.
484 3993 722 4058 jaceamusque.
756 3991 877 4043 Morini.
893 3992 1045 4057 mptum
1054 4005 1127 4041 urea
1137 3988 1203 4039 Edd.

97 4068 165 4109 ante
176 4056 328 4111 (lton-12
343 4060 352 4087 ⁸
364 4058 418 4111 Pro
430 4058 542 4125 Philippa
555 4066 620 4111 salt.
639 4058 713 4109 lihrr.
731 4056 844 4110 offerunt
856 4058 992 4123 Philippus,
1003 4057 1045 4108 rel
1053 4056 1204 4120 Philippum

597 4198 710 4251 NOTAE
833 4192 836 4199 ’

47 4294 53 4307 ’
131 4307 146 4335 ¹
163 4300 315 4363 AEquarnet
331 4296 418 4349 estate
439 4311 464 4347 aa
486 4296 512 4347 ia
535 4297 636 4361 speciem
674 4294 999 4361 coniminum.

97 4376 232 4439 [remeia
239 4374 350 4441 peciam]
361 4374 438 4426 Colh.
449 4374 550 4441 melior,
559 4390 638 4439 aqua·
