3259 5225
405 507 493 586 2298
871 525 906 572 n.
929 520 1027 575 urru

405 685 544 736 oensem
555 665 709 745 militem,
718 661 912 730 moriturum
921 659 1503 748 ante,qnam1talialrostis(quippe

406 789 497 836 nuuc
512 789 589 836 curn
603 769 749 836 maxime
762 765 885 832 florens
900 764 1044 849 viribus)
1054 765 1210 830 excedat.
1245 764 1285 830 Si
1299 770 1428 829 veteres
1442 764 1505 828 mi·

406 873 483 942 lites
497 891 565 939 non
580 871 721 939 redeant
733 869 770 935 in
779 857 937 954 patriam,
952 869 1033 934 nori
1051 868 1212 949 legantur,
1227 867 1322 932 brevi
1337 867 1506 932 neminem

407 975 666 1060 repensurum.
708 973 844 1058 Itaque,
859 973 951 1056 quod
969 971 1167 1057 propediem
1178 990 1233 1037 res
1251 971 1331 1054 ipsa
1343 978 1507 1050 negatura

407 1078 464 1154 sil,
478 1078 573 1163 prius
592 1096 697 1162 quam
719 1061 763 1142 ad
786 1074 938 1142 ultimam
960 1074 1176 1140 solitudinem
1194 1081 1298 1159 atque
1317 1078 1507 1157 egestatem

406 1179 616 1265 perveniant,
636 1177 824 1261 negandum
846 1177 973 1261 populo
996 1175 1152 1242 nonno
1175 1195 1264 1241 esse.
1308 1176 1347 1240 Si
1366 1195 1507 1240 consen·

406 1283 529 1357 tientes
555 1281 590 1346 in
609 1280 675 1346 hoc
698 1281 814 1346 socios
839 1278 976 1344 videant
995 1278 1154 1358 Romani,
1176 1278 1330 1363 prolecto
1352 1277 1394 1343 de
1419 1298 1507 1362 pace

408 1405 487 1452 cnm
502 1371 834 1465 Carthaginiensibus
846 1381 1020 1466 jungenda
1033 1383 1253 1464 cogitaturos.
1299 1380 1403 1448 Aliter
1422 1401 1508 1446 nun·

406 1507 522 1573 qnam,
536 1487 615 1552 vivo
631 1485 837 1564 Hannibale,
848 1487 920 1550 sine
935 1484 1024 1549 bello
1039 1483 1172 1550 Italiam
1185 1479 1283 1549 sore!
1319 1484 1412 1550 Haeo
1427 1490 1509 1551 acta

407 1591 444 1658 in
457 1578 620 1658 conciliis.
662 1588 814 1673 Triginta
827 1596 900 1654 tum
920 1588 1084 1654 coloniae³
1107 1586 1226 1673 populi
1245 1588 1388 1662 Romani
1401 1594 1508 1654 erant.

408 1692 464 1758 Ex
482 1693 526 1758 iis
546 1691 738 1770 duodecim,
757 1711 834 1758 cum
856 1690 1006 1756 omnium
1030 1691 1212 1774 legationes
1234 1691 1357 1758 Romae
1378 1699 1508 1769 essent,

407 1804 612 1880 negaverunt
624 1795 823 1862 consulibus
835 1813 923 1872 esse,
938 1792 1024 1858 unde
1043 1791 1170 1858 milites
1192 1795 1436 1877 pecuniamque
1449 1793 1508 1858 da·

407 1907 503 1964 rent!
556 1898 617 1966 Eae
646 1896 738 1964 suere
762 1893 888 1974 Ardea,
915 1893 1078 1979 Nepete,¹
1105 1895 1267 1972 Sutrium,
1292 1893 1394 1970 Alba,
1423 1893 1507 1960 Car·

409 2000 507 2080 secli,
527 2000 630 2079 cora,
645 2000 782 2079 Suessa,
802 1995 954 2075 Circeii‚⁴
976 1998 1083 2078 Setia,
1105 1997 1217 2077 Cales,
1239 1997 1383 2076 Narnia,
1402 1997 1509 2064 luter·

409 2122 519 2170 amna.
564 2102 667 2168 Nove
688 2122 724 2166 re
743 2101 899 2168 consules
918 2101 988 2181 icti,
1008 2121 1085 2170 cum
1105 2102 1289 2168 absterrere
1310 2121 1370 2166 eos
1391 2121 1415 2168 a
1435 2109 1509 2168 tam

410 2205 601 2272 detestabili
617 2205 760 2272 consilio
775 2204 908 2282 vellent,
919 2205 1117 2288 castigando
1130 2204 1404 2290 increpandoque
1415 2207 1509 2289 plus,

410 2327 510 2392 quam
525 2308 645 2374 leniter
659 2307 797 2390 agendo,
811 2308 1020 2392 profecturos
1032 2305 1106 2386 rati,
1122 2313 1205 2374 ‘eos
1218 2328 1325 2375 ausos
1339 2328 1415 2374 esse
1427 2328 1507 2374 eon·

410 2411 542 2478 solibus
561 2409 693 2490 dicere,’
713 2411 860 2489 aiebant,
875 2412 885 2446 ‘
899 2411 992 2496 quod
1010 2411 1177 2490 eonsules,
1191 2413 1227 2478 in
1245 2419 1363 2479 senato
1379 2419 1417 2478 ut
1430 2433 1509 2496 pro-

411 2515 611 2594 nuntiarent,
628 2515 662 2578 in
681 2513 829 2583 animum
853 2513 1008 2580 inducere
1029 2533 1096 2580 non
1118 2523 1272 2599 possent.
1317 2515 1397 2585 Nor
1418 2519 1510 2585 eninr

411 2617 685 2684 detrectationem
706 2637 781 2682 eam
802 2637 976 2682 munerum
996 2617 1141 2696 militiae,
1156 2618 1216 2684 sed
1234 2627 1381 2701 apertam
1397 2619 1512 2684 defec-

411 2722 535 2785 tionem
557 2740 580 2786 a
601 2720 728 2805 populo
751 2718 907 2784 Romano
925 2738 1012 2783 esse.
1055 2717 1220 2785 Redireut
1234 2722 1346 2805 itaque
1366 2740 1510 2805 propere

410 2824 448 2889 in
473 2823 638 2902 colonius,
658 2830 704 2901 et,
729 2829 889 2908 tanquam
914 2822 1046 2905 integra
1069 2842 1116 2899 re,
1137 2821 1243 2887 locuti
1265 2824 1384 2906 magis,
1409 2843 1510 2907 quam

410 2927 497 3005 ausi,
524 2932 651 2991 tantum
675 2924 780 3003 nefas,
804 2945 883 2989 curn
907 2925 979 2988 suis
1003 2924 1222 2990 consulerent.
1271 2923 1510 3005 Admonerent,

411 3038 478 3095 non
498 3027 704 3112 Campanos,
718 3047 825 3111 neque
847 3026 1047 3092 Tarentinos
1061 3046 1120 3092 eos
1134 3046 1223 3106 esse,
1237 3028 1297 3093 sed
1312 3026 1510 3111 Romanos;

411 3131 489 3197 inde
511 3130 689 3211 oriundos3
711 3129 789 3194 inde
809 3130 844 3194 in
862 3129 1017 3195 colonias
1032 3139 1133 3215 atque
1146 3131 1181 3195 in
1195 3152 1310 3213 agrum
1325 3131 1416 3196 bello
1430 3152 1513 3217 cap·

413 3240 483 3297 turn
505 3232 621 3316 stirpis
644 3232 807 3313 augendae
822 3252 929 3298 causa
941 3232 1083 3298 missos:
1106 3253 1184 3318 qnae
1199 3234 1297 3300 liberi
1311 3236 1512 3318 parentibus

413 3334 583 3414 deberent,
598 3352 641 3399 ea
658 3333 736 3399 illos
755 3334 919 3401 Romanis
934 3335 1066 3415 debere,
1079 3336 1109 3399 si
1124 3338 1195 3403 ulla
1209 3338 1329 3420 pistas,
1342 3338 1372 3402 si
1387 3358 1512 3403 memo-

414 3435 465 3501 ria
488 3437 633 3520 antiquae
657 3438 777 3522 patrias
800 3444 899 3503 esset
943 3438 1163 3505 consulerent
1184 3440 1285 3523 igitur
1306 3440 1348 3506 de
1372 3442 1511 3523 integro.

415 3536 517 3616 Nam,
541 3545 633 3605 tum⁵
658 3540 793 3626 quidem
817 3561 896 3627 quar
920 3548 1041 3608 temere
1065 3543 1260 3627 agitassent,
1281 3564 1323 3611 ea
1347 3544 1511 3629 prodendi

446 3700 456 3725 ⁴
473 3690 566 3743 Dixere
575 3694 708 3744 semiim
717 3708 741 3744 re
751 3708 793 3744 ner
803 3694 902 3757 militen
910 3708 953 3745 nee
961 3695 1081 3759 stipendio
1090 3698 1242 3762 suppeditare
1251 3710 1329 3760 poue.

448 3909 463 3954 2
481 3904 512 3954 Io
526 3904 592 3955 Edd.
604 3913 666 3956 ente
678 3906 758 3957 Gron.
774 3914 798 3957 et
809 3912 919 3959 eret-³
935 3908 1041 3973 ‘Sigon
1054 3909 1161 3973 monuit,
1174 3908 1301 3972 Dionysio
1314 3908 1441 3974 Liricqne
1455 3925 1515 3960 ruc-

416 3970 525 4031 toribur,
538 3972 593 4035 jern
613 3976 654 4020 ⁶³.
674 3971 794 4022 deducto
814 3981 906 4023 erent:
924 3988 939 4024 e
957 3976 1050 4039 quibos
1067 3974 1142 4024 initio
1158 3974 1221 4025 belli
1238 3975 1333 4025 Poulei
1352 3988 1384 4024 ιι.
1410 3978 1514 4025 nonnisi

411 4041 458 4086 do.
474 4038 628 4100 superstites
645 4036 739 4087 erem?
757 4038 859 4099 Rapert.
890 4038 951 4088 Vid.
962 4040 988 4089 lr.
1000 4040 1018 4089 l.
1030 4042 1096 4090 Not.
1108 4040 1221 4091 Van-l
1238 4040 1308 4089 Olim
1320 4038 1415 4089 nomin.
1428 4050 1515 4090 trena-

417 4116 471 4166 por.
487 4108 517 4151 ut
533 4102 650 4156 duriora.
668 4102 766 4165 Circeii,
784 4103 904 4153 Aron-c
920 4104 991 4155 ‘Pro
1001 4110 1052 4155 terr
1063 4106 1141 4156 Doer.
1153 4106 1219 4170 conj.
1229 4104 1292 4166 jaer.
1325 4105 1377 4155 Sed
1393 4122 1451 4155 eser
1460 4107 1516 4166 jen

912 4232 1021 4283 NOTAE

450 4334 463 4360 ¹
481 4328 570 4393 Ardea,
579 4330 677 4393 Nepete,
687 4331 740 4395 tn]
758 4330 800 4378 De
811 4328 850 4379 lrir
860 4329 946 4393 deque
986 4332 1076 4383 erdem
1088 4347 1108 4384 r.

419 4406 585 4469 sequentibus
603 4410 707 4457 coloniis
726 4412 824 4472 rgirnus
839 4410 871 4456 arl
894 4411 947 4458 lie·
