3259 5225
523 520 597 569 nra.
621 518 769 571 xxvrn.
790 518 874 571 oss.
894 503 952 572 43.
1188 502 1279 573 2479

176 670 306 738 recenti
335 666 503 756 eircmplo,
532 666 695 758 quantum
722 671 758 738 id
784 672 925 752 intersit,
950 670 1150 739 documento
1173 663 1281 739 sunt?

175 773 295 854 Quidl
318 774 546 841 Hannibalem
560 782 672 841 utrum
693 776 830 841 tandem
851 782 1023 842 exbemus
1044 776 1190 859 angulus
1205 774 1278 859 agri

176 876 312 957 Bruttii,
341 876 463 942 frustra
483 876 556 961 Jam
579 877 637 943 din
656 884 853 961 poscentem
877 880 922 943 ab
944 878 1046 943 dumo
1064 878 1207 957 auxilia,
1233 898 1280 943 an

175 980 370 1066 propinqua
382 979 551 1063 Carthago
565 985 599 1045 et
612 986 685 1047 tota
699 980 795 1047 socia
809 978 929 1047 Africa
942 983 1161 1067 potentiorem
1174 982 1278 1047 armis

174 1082 323 1167 virisque
337 1082 464 1149 faciest
509 1080 613 1163 Quod
638 1083 731 1149 istud
756 1084 936 1149 consilium
957 1089 1021 1162 est,
1038 1084 1086 1150 ibi
1106 1083 1208 1150 malle
1221 1083 1280 1149 de·

174 1204 325 1264 cernere,
339 1187 399 1252 ubi
414 1193 483 1251 tum
498 1184 638 1251 dimidio
653 1186 799 1252 minores
809 1186 918 1271 copisa
928 1186 1161 1264 sint,bostium
1172 1186 1279 1253 multo

174 1286 335 1371 majores,
353 1308 456 1374 quam
474 1288 533 1353 ubi
547 1288 680 1354 duobus
694 1288 903 1355 exercitibus
917 1287 1083 1354 adversus
1096 1308 1214 1368 unum,
1225 1293 1278 1354 tot

174 1390 303 1475 praeliis
319 1397 354 1457 et
369 1400 439 1457 tam
453 1389 611 1457 diuturna
624 1396 661 1456 et
675 1390 768 1473 gravi
779 1390 899 1455 militia
910 1390 1051 1469 sessum,
1063 1390 1278 1474 pugnandum

174 1494 241 1559 siti
279 1492 401 1572 'Quam
419 1512 557 1579 compar
571 1492 751 1558 consilinm
767 1487 881 1558 tunm¹
902 1493 1053 1577 parentis
1066 1493 1118 1557 tui
1131 1493 1277 1559 consilio

173 1598 233 1675 sit,
249 1606 381 1682 reputa.
425 1596 501 1673 Ille,
516 1595 636 1661 consul
656 1594 830 1680 proiectus
844 1596 879 1659 in
891 1594 1110 1679 Hispaniam,
1125 1602 1166 1659 ut
1181 1593 1278 1661 Han·

173 1699 279 1765 nibali
305 1700 349 1765 ab
372 1697 519 1783 Alpibus
540 1696 761 1769 descendenti
784 1703 980 1773 occurreret,
1006 1697 1042 1761 iu
1069 1696 1205 1761 Italiam
1230 1718 1277 1763 ex

174 1802 352 1885 provincia
362 1802 483 1867 rediit:
509 1808 558 1881 tu,
573 1820 650 1866 cum
665 1800 841 1866 Hannibal
855 1801 890 1865 in
905 1800 1008 1867 Italia
1020 1800 1079 1879 sit,
1090 1800 1278 1886 relinquere

174 1900 310 1969 Italiam
322 1922 444 1990 paras3
459 1922 526 1969 non
542 1903 623 1989 quin
635 1905 682 1969 rei
696 1903 845 1989 publicae
857 1904 891 1970 id
907 1904 997 1985 utile,
1011 1903 1072 1969 scd
1087 1904 1170 1988 quia
1179 1906 1242 1970 tibi
1251 1904 1277 1945 ¹⁸

173 2006 324 2091 amplum
346 2012 384 2072 et
399 2007 581 2090 gloriosum
595 2025 715 2072 censes
728 2026 806 2073 esse
818 2025 829 2070 r
842 2008 932 2073 sicut
947 2027 1037 2084 cum,
1054 2006 1228 2091 provincia
1243 2012 1278 2075 ct

172 2108 325 2175 exercitu
337 2109 471 2189 relicto,
483 2109 556 2175 sine
566 2111 649 2193 lege,
664 2110 735 2175 siue
749 2117 884 2175 senatus
899 2110 1063 2191 consulto,
1075 2110 1206 2176 duabus
1216 2130 1277 2177 na·

172 2212 273 2279 vibus
289 2212 407 2297 populi
422 2210 572 2278 Romani
587 2212 773 2296 imperator
786 2212 951 2277 fortunam
971 2214 1141 2297 publicam
1156 2219 1190 2279 et
1204 2232 1275 2281 rna·

169 2314 329 2399 jestutcm
347 2314 513 2400 imperinm
536 2334 614 2400 qum
635 2322 705 2379 tum
727 2315 761 2381 in
781 2322 841 2379 tuo
861 2317 970 2399 capite
990 2316 1276 2399 periclitabantur,
1334 2369 1338 2376 .

172 2417 381 2483 commisisti.
425 2417 499 2501 Ego
514 2417 557 2483 P.
573 2414 778 2496 Cornelium,
790 2416 913 2484 Patres
928 2418 1122 2502 conscripti,
1130 2420 1176 2484 rei
1189 2421 1276 2503 pub·

172 2520 250 2587 licae
280 2521 457 2605 nobisque,
478 2538 544 2585 non
570 2518 726 2603 sibiipsi
751 2520 908 2603 privatim
930 2523 1079 2584 creatum
1099 2521 1275 2588 consulem

173 2623 355 2706 existim03
377 2624 613 2708 exercitusque
636 2623 679 2689 ad
703 2623 892 2690 custodiam
914 2620 1019 2699 Urbis
1040 2627 1144 2707 atque
1160 2623 1275 2691 Italia

171 2725 317 2811 scriptos
332 2745 418 2802 esse.
433 2745 501 2792 nou
516 2743 603 2811 quos
616 2725 709 2808 regio
720 2743 811 2790 more
824 2744 887 2810 per
898 2724 1091 2810 superbiam
1105 2726 1274 2808 consules,

171 2847 241 2914 quo
256 2834 414 2896 terrarum
428 2827 542 2907 velint,
558 2825 748 2913 trajiciant!

213 2931 268 3000 43.
290 2932 377 2997 Cum
390 2931 540 2998 oratioue
555 2930 599 2998 ad
610 2937 743 3016 tempus
752 2937 873 3015 parata
887 2929 1027 3009 Fabius,
1041 2935 1113 2996 tum
1126 2932 1272 2998 auctori·

170 3041 243 3102 tate
253 3042 289 3101 ct
302 3035 488 3101 inveterata
502 3033 691 3118 prudentiae
704 3033 804 3112 sama,
824 3050 979 3116 maguam
995 3039 1125 3116 partem
1139 3041 1274 3102 senatus

171 3143 205 3203 et
228 3138 380 3202 seniores
402 3135 551 3202 maxime
577 3137 752 3214 movisset,
777 3134 957 3218 pluresque
979 3134 1153 3200 consilium
1173 3139 1274 3216 senis,

170 3258 273 3326 quam
299 3239 446 3304 animum
466 3237 694 3305 adolescentis
704 3245 730 3289 ¹⁹
751 3237 911 3317 ferocem,
934 3236 1131 3321 laudarent3
1152 3237 1273 3325 Scipio

169 3344 219 3410 its
232 3343 365 3408 locutus
380 3340 502 3408 sertor:
526 3341 591 3408 ‘Et
606 3343 681 3426 ipse
697 3341 743 3421 Q.
759 3339 891 3406 Fabius
905 3339 1073 3425 principio
1093 3342 1271 3422 orationis,

170 3445 292 3514 Patres
317 3443 513 3530 conscripti,
536 3442 823 3522 commemoravit,
842 3443 879 3508 in
902 3444 1068 3509 sententia
1085 3463 1148 3510 sua
1170 3465 1273 3530 posse

631 3605 812 3630 00000Μο

168 3725 286 3790 limine.
319 3723 381 3774 vid.
390 3722 540 3776 Grau-18
557 3721 621 3780 Quia
630 3721 657 3772 iri
667 3729 726 3774 erut
737 3723 822 3790 antiq.
832 3720 894 3773 lect.
906 3691 1059 3788 enepotius,
1069 3727 1101 3774 ut
1112 3723 1195 3776 Gran·
1206 3726 1271 3786 rull,

169 3791 519 3844 ncvltlnrnmccmnrsuturn.
550 3809 552 3817 >
763 3837 765 3843 ,

201 3859 234 3908 19
250 3857 357 3922 vulgat.
368 3855 430 3906 clim
440 3856 502 3905 lect.
512 3853 752 3904 melanem-2⁰
769 3852 861 3906 Mouet
872 3851 957 3904 Grcu.
976 3852 1045 3904 male
1062 3859 1091 3906 et
1108 3861 1201 3906 contra
1212 3856 1271 3910 libr.

664 3967 773 4020 Nom

200 4071 207 4106 ¹
225 4065 537 4134 Qmmnpurmsilisrs
548 4066 628 4131 turs]
647 4063 698 4117 An·
770 4073 789 4100 ¹
807 4065 1074 4130 nonnusquam,
1088 4066 1271 4130 etnujcrtutera

167 4147 292 4213 tlpbrssir
309 4152 367 4196 cst:
390 4143 446 4194 vult
462 4145 531 4193 enlm
550 4141 582 4195 P.
599 4144 700 4211 Scipio·
737 4141 848 4208 inperia]
864 4141 1121 4194 Tuncsclllcetcum
1137 4143 1269 4208 Scipioarl

168 4233 228 4276 nem
238 4229 347 4288 patrem.
360 4219 524 4284 langealiter
540 4226 568 4270 et
586 4219 699 4285 prudcn·
737 4219 882 4286 Syphacem
903 4218 1019 4285 trajecit.
1050 4218 1136 4286 Supra
1153 4233 1213 4287 cap.
1229 4225 1270 4275 li.

166 4305 220 4356 tius
240 4301 400 4366 aspersisse
429 4313 493 4365 erge
516 4297 701 4366 Hannibalem,
738 4303 850 4363 etreqq.

167 4395 244 4448 quam
255 4393 323 4431 uuna
332 4393 361 4429 sc
372 4384 448 4444 gerat
458 4375 535 4428 nlius.
