3259 5225
475 619 547 671 ura.
572 616 670 669 xxv.
692 619 775 669 aar.
797 604 851 670 15.
1122 590 1210 669 210‘7

114 770 154 833 et
165 764 211 830 Τ.
224 761 396 829 Pedanius
408 761 563 849 princepe
577 762 686 829 tertiae
700 762 867 845 legionis-t
900 758 1027 827 Hanno
1035 762 1081 829 ab
1096 761 1210 828 Comi-

114 867 173 934 nio
187 863 326 945 Cerito!
343 885 412 951 quo
426 867 576 933 nuntiata
590 873 774 932 carnorum
791 865 905 931 clades
921 873 983 945 est,
998 884 1074 931 enm
1089 866 1209 949 paucis

113 970 424 1049 frumentatoribus,
448 988 534 1052 qnos
546 970 632 1035 forte
647 989 759 1037 ewam
783 969 957 1049 babuerat,
978 968 1070 1053 fugae
1091 968 1209 1052 magis,

116 1091 220 1157 qnam
234 1072 376 1150 itineris,
387 1070 490 1136 modo
505 1071 539 1136 in
554 1071 705 1137 Bruttios
715 1070 825 1138 rediit.

158 1176 214 1240 15.
235 1173 282 1239 Et
291 1173 468 1258 Campani,
483 1172 602 1238 audita
625 1192 688 1237 ena
711 1171 836 1255 pariter
858 1170 1090 1255 sociorumque
1106 1169 1219 1248 clade„

114 1278 248 1360 legatos
276 1277 323 1342 ad
344 1275 571 1341 Hannibalem
595 1276 767 1352 miserunt,
795 1274 853 1359 qni
878 1274 1072 1354 nuntiarent,
1102 1272 1211 1338 ‘dnoe

114 1378 274 1445 eonsules
288 1376 333 1444 ad
348 1378 575 1444 Beneventum
595 1395 684 1455 aare,
699 1375 768 1441 diei
790 1377 855 1441 iter
878 1396 900 1441 a
920 1375 1058 1459 Capua3
1080 1380 1211 1441 tantum

113 1500 183 1545 non
198 1479 242 1546 ad
256 1485 372 1563 portae
385 1485 420 1543 et
438 1498 553 1544 muros
576 1479 702 1544 bellum
722 1498 810 1542 esse.
853 1477 903 1543 Ni
928 1498 1070 1562 propere
1091 1478 1212 1542 subve-

113 1582 197 1662 niat,
212 1581 351 1647 eelerius
367 1580 532 1664 Capuam,
543 1600 645 1665 quam
660 1580 786 1664 Arpos,
796 1580 832 1645 in
847 1586 1049 1664 potestatem
1063 1578 1210 1644 bostium

113 1690 299 1750 venturam.
352 1682 406 1748 Ne
433 1683 616 1749 Tarentum
644 1682 793 1767 quidem,
818 1704 884 1748 non
914 1682 1039 1749 modo⁴
1071 1680 1212 1760 arcem,t

112 1787 199 1853 tanti
213 1786 331 1853 debere
344 1806 433 1865 eaeo,
448 1792 486 1851 ut
502 1783 669 1869 Capuam,
684 1804 786 1867 quam
802 1784 997 1868 Carthagini
1011 1802 1148 1870 aequare
1166 1784 1209 1849 sil

114 1889 247 1968 nolitne,
262 1888 428 1955 deeertam
452 1887 725 1973 indefensamque
748 1890 876 1974 populo
903 1888 1061 1953 Romano
1082 1884 1211 1953 tradat!

114 1990 303 2069 Hannibal,
315 2010 403 2058 enrae
418 1991 485 2056 sibi
496 1991 569 2056 iore
581 2012 651 2057 rem
661 1989 866 2077 Campanam
881 1990 1065 2076 pollicitus,
1075 1990 1111 2055 in
1126 2008 1210 2074 prae·

114 2092 226 2159 sentin
240 2093 310 2158 dno
326 2094 431 2158 millia
444 2092 595 2177 equitnm
609 2114 687 2159 cnm
701 2093 821 2177 legatie
836 2094 947 2171 mittit,
961 2112 1028 2178 qno
1052 2090 1211 2176 prasidio

114 2214 217 2279 agree
231 2196 507 2280 populationibus
522 2204 664 2281 poesent
677 2197 866 2280 probibere.
888 2196 1053 2262 Romanis
1067 2195 1210 2272 interim,

114 2299 203 2364 aient
217 2298 357 2363 aliarum
371 2317 490 2375 rerum,
505 2299 594 2364 arcis
607 2298 795 2365 Tarentinae
810 2298 1039 2384 praesidiique,
1053 2296 1144 2383 quod
1163 2294 1211 2361 ibi

113 2399 335 2480 obsideretur,
361 2419 440 2465 cura
457 2419 546 2466 ease.
591 2401 632 2467 G.
646 2399 812 2467 Serviliae
835 2402 982 2484 legatus,
1001 2420 1047 2465 ex
1063 2398 1211 2465 auotori-

113 2506 186 2569 nto
199 2502 338 2568 Petrum
349 2522 371 2567 a
381 2501 424 2567 P.
439 2501 597 2567 Cornelio
612 2507 755 2588 praetore
772 2504 808 2567 iu
823 2502 992 2570 Etruriam
1007 2504 1051 2571 ad
1064 2504 1210 2569 frumen·

113 2609 186 2671 tum
208 2603 430 2671 codmeudnm
451 2604 588 2685 misene,
604 2625 681 2671 eum
696 2604 829 2691 aliquot
848 2606 992 2674 naribus
1016 2606 1150 2672 onustis
1176 2606 1211 2670 in

112 2714 248 2792 portum
261 2706 480 2774 Tarentinum
493 2708 577 2773 inter
588 2707 734 2774 bostium
746 2709 921 2774 custodiae
935 2709 1099 2794 pervenit.
1143 2705 1211 2774 cn-

111 2809 171 2894 jne
185 2809 341 2886 adventu,
353 2810 412 2893 qui
425 2815 514 2887 ante,
528 2809 564 2874 in
578 2809 702 2894 exigna
715 2829 789 2894 epe,
804 2811 916 2876 vocati
928 2831 1020 2896 saepe
1037 2811 1081 2875 ad
1095 2811 1214 2876 transi·

110 2913 241 2978 tionem
262 2915 306 2978 ab
326 2911 485 2978 bentibus
501 2932 560 2997 per
573 2913 744 2998 colloquia
755 2920 860 2992 erant,
876 2913 962 2979 ultro
977 2914 1021 2979 ad
1041 2919 1212 2980 transeun-

111 3014 190 3080 dnm
204 3014 327 3080 boetee
341 3015 514 3080 vocabant
526 3016 818 3102 solicitabantqne.
861 3015 906 3081 Et
925 3025 997 3083 erat
1022 3015 1213 3082 satie-vali-

113 3115 193 3181 dum
210 3116 417 3201 praesidium,
431 3117 594 3184 traductio
608 3117 652 3183 ad
666 3139 778 3185 aream
798 3119 939 3185 Tarenti
962 3119 1131 3197 tuendam,
1153 3117 1212 3203 qui

114 3215 308 3304 Metaponti
321 3226 425 3300 erant,
435 3219 612 3287 militibus.
648 3218 775 3306 ltaque
790 3222 1017 3306 Metapontini
1030 3218 1212 3308 extemplo,

612 3418 719 3472 NOTAE

144 3513 296 3580 remp·
309 3516 392 3566 tertia
409 3515 523 3582 legieris]
540 3515 645 3567 Priuer
684 3515 736 3567 bne
754 3515 854 3566 Contra
868 3514 977 3577 dieitur3
994 3515 1036 3564 rel
1054 3513 1215 3578 ΟΜΝ,

113 3593 469 3660 οιιιιίιιιειῐοηίιῑοςίοιιο
480 3594 644 3645 domemur.
684 3609 749 3661 quor
759 3595 787 3645 in
803 3594 945 3660 AEquieolir
961 3593 1088 3644 interilne
1099 3599 1214 3644 tentator

113 3669 143 3720 J.
154 3670 275 3720 cleriter.
683 3671 975 3737 Pliulib.nr.oap.12·
1006 3669 1213 3721 Addtrnmsorte

147 3745 209 3798 ‘Aa
222 3744 433 3810 casamento]
450 3746 583 3798 &niden
595 3746 644 3798 boo
684 3746 735 3800 luit
749 3763 765 3798 r
776 3745 863 3799 Cerito
875 3747 1018 3798 Semnirnm
1029 3745 1136 3812 oppido,
1152 3746 1214 3796 inde

112 3819 192 3874 inbre
212 3823 240 3872 in
261 3821 406 3873 Samnitum
426 3829 456 3875 et
476 3823 644 3888 ffirpinornm
683 3840 736 3877 non
747 3824 885 3876 admodum
901 3824 1002 3891 diretta,
1018 3824 1094 3888 raiae
1106 3823 1214 3875 neminie

113 3897 240 3950 limitibus
251 3889 308 3950 dixi
317 3899 362 3950 tib.
372 3912 402 3951 x.
413 3905 522 3965 cepae.
535 3901 571 3951 Et
581 3915 645 3952 erne
685 3901 795 3966 vestigia
814 3908 955 3966 reperiunt
970 3902 997 3951 ln
1013 3915 1045 3952 eo
1063 3900 1120 3950 loeo
1136 3911 1214 3966 quem

114 3973 276 4025 innmmlr
286 3975 457 4041 Hirpinorum
471 3975 565 4027 tinibnr
575 3977 647 4028 eirea
684 3983 779 4028 roeent
791 3979 883 4040 corito,
896 3977 924 4026 in
935 3975 1045 4028 confinio
1060 3976 1149 4026 Terre
1164 3975 1213 4024 ln·

114 4049 270 4100 Trnrutnor
280 4066 386 4117 campen
400 4053 480 4104 iniere
497 4054 591 4104 enodet
606 4053 645 4103 ri·
682 4051 754 4104 borlo
764 4069 796 4104 ao
807 4051 1117 4120 Principntnetllteriorir
1127 4049 1214 4121 etCo-

113 4125 178 4190 gluti
187 4129 297 4180 millium
306 4131 420 4196 rprtinm
430 4133 500 4184 inter
511 4132 643 4199 Aquiloni·
683 4131 790 4197 mitetur
803 4131 910 4196 Molieii,
920 4129 953 4180 ad
966 4128 1084 4179 dextram
1099 4125 1211 4191 Trmrri,

114 4215 155 4252 arn
165 4209 193 4254 et
203 4205 360 4270 Cominium,
371 4225 387 4259 a
397 4209 471 4260 Liria
479 4217 607 4274 ootutnm,
615 4215 645 4261 et
683 4209 753 4262 inter
769 4209 906 4274 Tolerium,
925 4207 1069 4272 Saepinum,
1087 4212 1115 4255 et
1127 4204 1213 4278 Bene·

112 4277 296 4344 fugabortium
307 4299 397 4337 renue
406 4286 559 4339 Bovianum.
577 4287 645 4337 Ceri·
684 4294 799 4338 rentum.

113 4355 206 4407 tirero
217 4372 362 4424 cognomen
379 4363 412 4412 ad
429 4362 566 4414 direrimen
579 4365 644 4414 alte·
716 4363 803 4412 rNon
821 4363 889 4412 nodo
914 4361 1004 4426 arcem]
1037 4358 1212 4420 Tarentinam,

114 4429 166 4480 rinr
179 4433 369 4502 Cominiiquod
380 4439 407 4489 in
418 4440 645 4503 armentumve·
683 4453 742 4506 qna
758 4436 792 4488 rb
803 4437 952 4490 Hannibale
964 4435 1138 4494 obsidebatur,
1150 4435 1221 4516 orbe·

31 4549 49 4589 ἵ,
115 4523 225 4570 morum,
242 4515 587 4582 etltrrrornmoollimitio,
598 4517 644 4568 nd·
682 4517 777 4583 potito.
