3259 5225
391 450 479 520 286⁰
871 467 910 516 u.
933 467 1030 517 urvrr

392 613 611 700 adjiciebant,
626 613 800 698 sanguinis
814 613 923 680 rivum
937 615 971 680 in
992 618 1090 698 porta
1110 614 1261 680 duxisse.
1305 611 1503 698 Etcum

391 716 501 803 lupus,
526 723 625 783 nocta
647 725 781 802 portam
806 717 988 800 ingressus,
1014 718 1149 801 uigilem
1167 719 1362 783 laniaverat.
1405 716 1504 782 Hm

391 826 571 906 procurata
588 821 708 888 hostiis
724 819 910 907 majoribus
932 821 1100 906 prodigia,
1114 826 1150 887 et
1172 821 1382 906 supplicatio
1406 819 1505 884 diem

391 943 491 990 uuum
506 925 572 990 ruit
584 943 630 990 ex
641 924 778 990 decreto
793 925 1002 1008 pontificum.
1044 922 1131 990 Iuda
1149 924 1267 990 iterum
1284 921 1506 989 novemdiale

391 1027 626 1106 instauratum,
641 1025 733 1112 qnod
753 1027 787 1092 in
803 1025 1031 1092 Armilustro¹·
1048 1026 1221 1111 lapidibus
1243 1026 1356 1090 visum
1370 1025 1505 1109 pluero.

393 1129 569 1196 Liberatus
584 1129 743 1214 religione
758 1137 889 1196 mentes
903 1131 1051 1196 turbavit
1063 1148 1179 1195 rursus
1192 1129 1398 1208 nuntiatum,
1414 1127 1505 1192 Fru-

392 1233 514 1300 sinone
529 1231 690 1299 infantem
709 1241 823 1300 natum
842 1251 920 1297 osso
937 1231 1115 1316 quadrimo
1136 1252 1269 1317 parem3
1289 1251 1353 1297 nec
1370 1233 1505 1313 magni·

393 1336 508 1402 tudine
521 1343 591 1402 tam
607 1337 806 1414 mirandum,
822 1355 925 1422 quam
945 1335 1036 1420 quod
1059 1337 1090 1401 is
1111 1357 1258 1422 quoque,
1272 1343 1311 1402 ut
1323 1336 1503 1402 Sinuessa

391 1440 527 1504 biennio
544 1445 630 1517 aute,
645 1442 802 1518 incertus,
817 1457 893 1504 mas
907 1457 952 1504 an
965 1438 1105 1504 loemina
1119 1446 1223 1516 esset,
1234 1445 1336 1504 uatus
1348 1444 1437 1504 erat.
1459 1435 1503 1500 Id

392 1562 473 1608 nero
496 1543 705 1626 haruspices,
720 1563 766 1608 ex
783 1543 918 1608 Etruria
937 1543 1052 1621 acciti,
1071 1542 1200 1608 loedum
1214 1561 1256 1606 ae
1270 1551 1370 1626 turpe
1383 1540 1503 1625 prodi·

393 1647 484 1728 pium
499 1645 620 1712 diosrs.
664 1645 845 1712 Extorram
867 1664 947 1726 agro
973 1645 1138 1724 Romano,
1152 1645 1271 1729 procul
1295 1651 1393 1710 murm
1417 1663 1501 1709 eon·
1583 1701 1590 1712 .

393 1753 499 1826 tactu,
514 1749 583 1814 alto
601 1749 825 1832 mergendum.
867 1748 994 1815 Virum
1015 1749 1051 1812 in
1070 1767 1184 1814 arcam
1208 1746 1401 1824 condidere,
1422 1767 1502 1832 pro-

393 1857 595 1934 ventumque
610 1852 644 1915 in
658 1868 750 1916 mare
762 1851 988 1936 projecerunt.
1011 1850 1200 1917 Decrevere
1211 1851 1291 1918 item
1301 1851 1498 1935 pontifices,

392 1961 432 2020 ut
446 1953 588 2036 uirgines
602 1960 652 2019 ter
666 1972 818 2032 novenas,
833 1974 897 2039 per
909 1953 1035 2019 Urbem
1046 1959 1172 2032 euntes,
1180 1973 1315 2019 oarmen
1329 1961 1498 2019 oanorent.

394 2057 435 2122 ld
453 2077 529 2122 num
544 2057 579 2121 in
592 2055 615 2122 J
618 2057 694 2122 ouis
704 2057 851 2124 Statoris
865 2057 943 2122 mdo
956 2057 1131 2135 discerent,
1142 2057 1316 2123 eonditum
1335 2057 1381 2121 ab
1397 2055 1498 2123 Livio

393 2158 522 2244 potita,⁰
547 2177 692 2239 carmen,
706 2165 800 2226 tacta
822 2159 865 2225 do
887 2161 979 2225 coelo
997 2160 1088 2226 aedes
1109 2163 1145 2225 in
1159 2159 1333 2226 Aventino
1354 2159 1498 2226 Iunonis

395 2261 556 2346 Reginae:
580 2260 839 2347 prodigiumque
858 2262 895 2327 id
909 2263 954 2328 ad
968 2269 1140 2328 mamonae
1153 2263 1327 2347 pertinere,
1340 2261 1497 2346 haruspi-

393 2384 454 2436 ces
477 2385 553 2432 eum
574 2365 843 2451 respondissent,
859 2365 1013 2450 donoque
1032 2366 1158 2432 Divam
1179 2364 1384 2450 placandam
1401 2385 1496 2446 esso3

394 2469 546 2536 mdilium
561 2469 724 2536 curulium
739 2468 852 2536 edicto
865 2469 902 2534 in
925 2468 1132 2556 Capitolium
1148 2475 1358 2548 convocata,
1372 2469 1496 2553 quibus

394 2573 430 2641 in
445 2575 527 2641 urbo
543 2572 704 2641 Romana
717 2571 873 2659 intraque
885 2560 1050 2639 de'cimum
1062 2570 1213 2656 lapidem
1227 2571 1271 2637 ab
1286 2569 1378 2638 Urbe
1392 2572 1494 2638 domi-

394 2677 474 2743 cilia
488 2681 613 2755 essem,
629 2675 715 2762 ipsae
730 2676 817 2741 inter
830 2694 869 2741 se
885 2676 1033 2760 quinque
1047 2680 1083 2741 et
1101 2675 1217 2759 viginti
1235 2673 1441 2759 delegerunt,
1454 2676 1495 2741 ad

396 2797 484 2865 quas
507 2798 553 2843 ox
578 2778 713 2844 dotibus
734 2778 858 2863 stipam
883 2778 1098 2845 contemnar
1141 2775 1225 2842 Inde
1247 2776 1374 2842 Quum
1391 2778 1495 2863 pelvis

395 2902 498 2949 aurea
513 2882 614 2958 facta,
625 2880 763 2966 lataque
781 2880 817 2945 in
831 2878 1052 2960 Aventinum,
1067 2898 1217 2965 puraque
1231 2887 1269 2945 et
1282 2886 1378 2946 easta
1392 2900 1416 2945 a
1428 2902 1496 2947 ma

394 2985 498 3052 nonis
513 2984 750 3051 sacrificatum·
793 2983 980 3050 Confestim
995 2984 1041 3051 ad
1062 2984 1156 3051 aliud
1170 2984 1377 3050 sacrificium
1390 2983 1497 3050 eidem

890 3196 1001 3249 Nom

428 3318 441 3345 ¹¹
457 3309 489 3359 1η
507 3308 665 3376 Armilustro]
692 3310 878 3363 Armilustrnrn
898 3318 928 3363 st
966 3311 1098 3376 scribunt,
1108 3312 1158 3364 lroe
1167 3316 1220 3374 est,
1231 3310 1351 3363 dunat·
1360 3308 1498 3361 resiluit:

396 3386 704 3442 Amilustriumdirerra
720 3402 789 3443 saur.
821 3389 927 3441 Etenim
966 3393 1040 3454 enjus
1051 3390 1090 3439 rei
1098 3390 1203 3441 initium
1212 3390 1254 3439 li.
1264 3388 1499 3453 ClandioCstlreps

396 3463 589 3519 Armilustrinnn
605 3463 703 3517 isstrrrn
720 3474 776 3517 erat
792 3465 862 3531 apud
877 3466 928 3517 lto·
967 3467 1038 3517 Ceti
1049 3466 1149 3532 filiast
1160 3468 1193 3518 P.
1205 3466 1499 3533 Sempronio'llnditano

395 3554 494 3603 manus,
513 3556 564 3607 quo
583 3556 638 3593 rem
658 3543 773 3594 divinam
792 3541 928 3593 sariebant
967 3543 1042 3594 Coos.
1060 3558 1103 3594 sn.
1120 3544 1155 3597 lJ.
1172 3547 1231 3595 us.
1269 3544 1334 3594 Fuit
1350 3551 1441 3593 aut-
1457 3543 1499 3595 nie

394 3618 559 3669 lustrationis
567 3633 660 3681 onum
672 3634 705 3669 ex
712 3618 851 3671 undictam
858 3618 928 3684 quod
967 3619 1056 3670 lirina
1069 3620 1179 3671 libertus
1199 3620 1238 3670 M.
1255 3620 1323 3670 Livii
1339 3620 1501 3682 smmtora,

395 3696 565 3747 circumirent
585 3695 719 3761 ludentes,
740 3695 867 3747 annllrlrnr
887 3712 928 3746 nr·
967 3696 1041 3760 enjor
1064 3704 1094 3747 et
1109 3698 1206 3748 liberos
1223 3696 1371 3747 erudierat.
1404 3697 1448 3747 Da
1462 3695 1498 3747 lu·

394 3773 718 3829 mntl‚testibusvrrrons
730 3781 758 3824 st
769 3774 857 3841 Festo.
876 3774 927 3825 Ar·
966 3772 1085 3823 bolarum
1096 3774 1186 3838 primis
1196 3773 1329 3825 retoribns
1343 3774 1444 3825 dietum
1459 3788 1499 3822 aa·

395 3848 541 3900 milostrnm
549 3849 768 3902 autemioitloonr
776 3851 862 3916 inquo
870 3852 927 3902 leo
967 3848 1498 3916 prarrr.2.cnditaaretreqnenriarst'er

395 3940 471 3977 sacra
481 3924 599 3988 fiebant3
617 3926 700 3991 petito
715 3928 820 3978 nomine
829 3928 863 3979 ab
874 3942 928 3977 u·
967 3926 1000 3978 ad
1011 3942 1116 3979 mn·

395 4002 453 4053 nitu
464 4003 547 4054 lustri.
582 4003 653 4055 lline
663 4004 846 4063 Amilrrslm,
855 4006 928 4057 etni·
999 4002 1415 4067 assentasse-earm]
1431 4003 1496 4053 Con·

395 4077 586 4129 mdrsrilartri
596 4080 622 4129 iu
634 4079 775 4131 Aventino.
966 4080 1141 4131 sentientibus
1156 4080 1260 4130 scilieet
1275 4080 1388 4141 marius,
1403 4078 1496 4129 medio·

428 4162 441 4189 ⁰
459 4155 792 4222 Gnditsnnlliniopoiln]
826 4158 928 4209 Llrinrn
966 4156 1022 4209 cria
1031 4155 1100 4207 dona
1109 4156 1243 4219 religionis
1259 4154 1404 4220 pruentia
1419 4168 1496 4205 eausa

395 4229 574 4286 Andronicum
586 4234 717 4298 intelligit,
727 4234 839 4285 Potitum
860 4236 928 4287 anti·
966 4233 1121 4287 manu·
1138 4232 1275 4297 permissa.
1306 4231 1412 4297 Alioqui
1422 4232 1495 4283 mari·

396 4309 558 4372 quarinum,
574 4310 620 4375 qui
636 4310 706 4375 apud
725 4312 857 4365 Romanor
874 4314 928 4377 pri·
968 4316 1010 4361 tna
1026 4318 1164 4363 eonsuote
1182 4310 1348 4363 mulmento
1362 4310 1439 4361 risile
1450 4310 1494 4359 ln·

397 4398 454 4435 mar
465 4381 578 4436 trinum
589 4384 688 4451 doerit,
703 4394 733 4439 ut
750 4388 807 4441 Cic.
818 4395 848 4443 et
858 4388 928 4443 (lull.
968 4389 1015 4441 but
1024 4389 1095 4444 dotis
1103 4388 1257 4445 ‹lo-inim
