3259 5225
492 537 567 586 nra.
590 536 688 587 xxv.
711 537 795 588 cur.
818 520 870 586 13.
936 531 939 539 ’
1143 522 1230 591 2103

132 683 198 749 dos
212 686 338 768 pretor
356 681 390 747 in
404 680 494 747 circo
507 683 658 748 maximo
673 702 751 747 curn
772 680 920 748 tacturus
931 687 1035 763 esset,
1056 682 1175 764 edixit,
1194 691 1231 751 ut

132 787 283 871 populns
298 805 360 874 pep
378 804 438 851 eos
451 785 548 851 ludos
571 785 691 871 stipem
712 783 879 869 Apollini,
902 792 1062 871 quautam
1085 806 1229 854 commo·

133 887 217 953 dum
231 894 333 965 esset,
348 887 524 953 conterret.
567 886 658 953 Hoec
672 892 724 953 est
738 888 831 971 origo
851 885 1007 955 ludorum
1025 887 1230 974 Apollinari·

133 1010 203 1066 um,
213 990 377 1068 victoria,
393 1008 460 1053 uon
476 987 688 1067 valetudinis,
708 1008 800 1072 ergo,
815 1000 854 1055 ut
868 989 1020 1075 plerique
1034 998 1155 1071 rentur,
1170 1012 1228 1059 vo-

134 1100 273 1157 torum⁵
293 1091 535 1176 factorumque.
579 1090 734 1174 Populus
755 1097 934 1158 coronatus
948 1094 1138 1178 spectavit:
1159 1115 1230 1161 ma·

134 1198 245 1261 tronae
270 1193 526 1279 supplicavere:
547 1192 650 1277 vulgo
672 1193 798 1277 apertis
818 1193 935 1278 januis
957 1196 992 1259 iu
1017 1195 1232 1281 propatulis⁶

137 1298 268 1383 epulati
289 1301 377 1376 suut,
401 1298 599 1382 celeberque
620 1297 694 1363 dies
718 1296 809 1363 omui
832 1297 1098 1366 caerimoniarum
1117 1320 1232 1384 genere

137 1402 211 1467 suit

181 1502 236 1569 13.
258 1503 344 1570 Cum
372 1501 544 1569 Hannibal
561 1501 652 1567 circu
671 1501 868 1581 Tarentum,
889 1503 1043 1569 consules
1069 1506 1169 1571 ambo
1197 1508 1232 1573 in

138 1607 281 1673 Samnio
316 1614 438 1685 esseut,
472 1604 532 1671 sed
560 1605 812 1671 circumsessuri
842 1604 993 1690 Capuam
1024 1606 1232 1690 viderentur;

137 1708 233 1793 qnod
259 1710 381 1775 malum
404 1709 566 1774 diuturnae
590 1705 780 1772 obsidionis
804 1726 881 1772 esse
904 1706 1090 1792 solatiam
1111 1709 1234 1775 famem

139 1810 306 1895 Campani
330 1811 529 1888 sorbebant,
556 1809 640 1894 quia
661 1815 846 1874 sementem
867 1808 977 1875 facere
999 1809 1234 1894 prohibuerant

137 1932 202 1979 eos
231 1911 380 1979 Romani
408 1914 591 1978 exercitus.
634 1910 758 1996 Itaque
783 1911 913 1995 legatos
940 1911 983 1978 ad
1004 1912 1234 1981 Hannibalem

138 2016 310 2091 miseruut,
325 2022 469 2093 orantes,
491 2021 529 2081 ut
547 2013 649 2097 prius,
672 2034 774 2099 quam
794 2015 954 2081 consules
976 2015 1012 2080 in
1037 2034 1133 2098 agros
1153 2037 1235 2085 suos

141 2118 323 2185 educerent
335 2117 493 2203 legiones,
517 2117 650 2200 viaeque
664 2135 782 2181 omnes
798 2115 945 2182 hostium
960 2118 1130 2202 praesidiis
1153 2120 1234 2186 insi·

141 2221 304 2300 darentur,
330 2221 529 2287 frumentum
558 2239 603 2285 ex
624 2220 819 2306 propinquis
844 2218 929 2285 locis
954 2221 1091 2287 convehi
1106 2221 1237 2306 juberet

142 2322 310 2407 Capuam.
353 2324 536 2398 Hannibal,
549 2322 752 2387 Hannonem
773 2340 819 2387 ex
839 2322 981 2388 Bruttiis
997 2343 1071 2389 cum
1087 2326 1237 2392 exercitu
1263 2390 1268 2397 ,

140 2427 177 2490 iu
191 2424 411 2511 Campaniam
431 2426 585 2503 transire,
603 2429 636 2489 et
650 2424 729 2489 dare
743 2444 892 2509 operam,
913 2431 952 2491 ut
970 2425 1124 2495 frumenti
1137 2428 1237 2513 copia
1328 2504 1334 2517 ,

141 2528 237 2595 tieret
251 2528 446 2615 Campanis,
455 2530 570 2615 jussit
614 2527 749 2606 Hanno,
760 2548 804 2593 ex
820 2528 960 2599 Bruttiis
974 2530 1144 2615 proiectus
1160 2549 1236 2596 cum

143 2634 311 2713 exercitu,
333 2633 540 2700 vitabundus
559 2639 671 2700 castra
689 2631 840 2698 bostium
860 2631 1099 2719 consulesque,
1118 2635 1178 2720 qui
1200 2635 1236 2698 in

143 2735 283 2802 Samnio
309 2743 426 2815 erant,x
447 2755 525 2803 cum
546 2735 739 2801 Benevento
757 2733 830 2819 jam
855 2734 1148 2822 appropinquaret,
1175 2737 1240 2802 tria

143 2858 307 2924 passuum
317 2839 426 2904 miliia
440 2839 482 2903 ab
500 2838 578 2922 ipsa
592 2837 673 2902 urbe
685 2837 763 2902 loco
777 2834 871 2902 edito
887 2843 1002 2902 castra
1014 2837 1137 2920 posuit.
1182 2835 1240 2902 In·

144 2941 187 3006 de
205 2960 252 3007 ex
277 2942 381 3007 sociis
400 2943 491 3008 circa
510 2940 660 3025 populis,
675 2960 742 3024 quo
760 2945 881 3009 secute
897 2945 1142 3024 comportatum
1157 2943 1239 3016 erat,

145 3043 263 3109 derebi
286 3043 485 3110 trumentum
508 3044 542 3108 in
571 3053 686 3110 castra
701 3043 826 3128 jussit3
850 3043 1017 3128 praesidiis
1043 3041 1143 3120 datis,
1161 3062 1239 3127 quae

145 3151 351 3212 commeatus
364 3167 426 3213 eos
435 3155 724 3232 prosequerentur.
746 3146 901 3231 Capuam
913 3147 993 3211 inde
1008 3147 1161 3210 nuntium
1177 3144 1239 3209 mi·

146 3249 202 3326 sit,
216 3269 285 3335 qua
298 3249 353 3314 die
371 3250 407 3315 iu
421 3251 563 3316 castris⁷
585 3251 628 3316 ad
643 3250 880 3334 accipiendum
894 3249 1091 3315 frumentum
1114 3253 1240 3333 praesto

145 3358 274 3430 esseut,
289 3352 379 3416 omni
400 3351 551 3439 undique
573 3373 693 3436 genere
713 3353 940 3418 vehiculorum
950 3351 1241 3436 jumentorumque

147 3471 191 3517 ex
207 3455 296 3538 agris
309 3461 494 3521 contracto.
522 3456 564 3522 Id
574 3476 636 3540 pro
651 3461 762 3522 cetera
772 3455 930 3522 socordia
943 3454 1242 3537 negligentiaquoa

148 3557 334 3642 Campanis
357 3567 504 3628 actum·
547 3560 658 3628 Paulo
678 3561 756 3647 plus
777 3557 1065 3647 quadringenta⁸³
1085 3557 1243 3624 vehicula

77 3805 83 3811 .
150 3717 1070 3836 wzfflfflfflfflt'fflmlimiumquiareliqnirrebmti
1082 3718 1244 3784 Composito·
1338 3770 1342 3778 ,

599 3864 784 3887 emm

149 3953 164 3996 ⁵
180 3948 249 3998 Post
265 3952 373 3998 natm
390 3947 562 4012 interpunctio
579 3949 669 4013 major,
684 3949 868 4015 sequentisque
880 3946 978 4014 periodi
990 3945 1089 3996 initium
1100 3943 1165 3994 hoe:
1183 3945 1245 3995 Fue·

149 4019 230 4078 terque
245 4013 353 4126 Ἰὼ,
370 4015 412 4076 ise.
429 4013 498 4064 Edd.
517 4023 579 4065 unte
596 4015 763 4066 (trecies-o
780 4015 813 4064 ln
829 4015 953 4080 propatulo
971 4010 1040 4064 Edd.
1056 4015 1117 4062 aute
1128 4009 1245 4061 Gronov.

148 4078 215 4143 quod
226 4083 255 4128 et
282 4077 419 4128 stStrottr.

181 4147 197 4194 t
213 4143 299 4193 Voces
308 4142 335 4192 ia
349 4143 437 4193 uaris
448 4142 541 4194 abunt
550 4141 584 4195 sb
595 4143 663 4194 Edd.
673 4152 736 4195 unte
746 4145 912 4197 Gronau-8
929 4140 1097 4205 Quadraginta
1107 4155 1122 4192 e
1133 4146 1188 4192 ret.
1199 4139 1245 4191 lib.

182 4343 195 4369 ¹
212 4337 377 4402 mm,
392 4338 435 4403 uti
445 4339 472 4388 in
486 4339 585 4390 &unte
595 4339 678 4405 aaut]
717 4347 785 4393 taret
796 4339 892 4390 Hanno
900 4335 1026 4389 consuler.

152 4412 243 4466 Refert
253 4415 287 4466 ad
296 4414 484 4477 eumad
500 4423 552 4476 est,
568 4417 678 4470 cumvi-
750 4416 858 4469 urano
877 4417 933 4482 plur
954 4411 1139 4480 quadrimus]
1165 4411 1247 4476 Care,
