<?xml version="1.0" encoding="UTF-8"?>
<!DOCTYPE html PUBLIC "-//W3C//DTD XHTML 1.0 Transitional//EN"
    "http://www.w3.org/TR/xhtml1/DTD/xhtml1-transitional.dtd">
<html xmlns="http://www.w3.org/1999/xhtml" xml:lang="en" lang="en">
 <head>
  <title>
</title>
<meta http-equiv="Content-Type" content="text/html;charset=utf-8" />
  <meta name='ocr-system' content='tesseract 3.04.00' />
  <meta name='ocr-capabilities' content='ocr_page ocr_carea ocr_par ocr_line ocrx_word'/>
</head>
<body>
  <div class='ocr_page' id='page_1' title='image "./tliviipatavinih04rupegoog_0018.png"; bbox 0 0 3259 5225; ppageno 0'>
   <div class='ocr_carea' id='block_1_1' title="bbox 372 486 998 555">
    <p class='ocr_par' dir='ltr' id='par_1_1' title="bbox 372 486 998 555">
     <span class='ocr_line' id='line_1_1' title="bbox 372 486 998 555; baseline 0.006 -8"><span class='ocrx_word' id='word_1_1' title='bbox 372 486 460 555; x_wconf 62' lang='lat' dir='ltr'><em>m</em></span> <span class='ocrx_word' id='word_1_2' title='bbox 843 502 877 551; x_wconf 73' lang='grc' dir='ltr'><strong>Τ.</strong></span> <span class='ocrx_word' id='word_1_3' title='bbox 901 500 998 551; x_wconf 73' lang='grc' dir='ltr'>ΙιΙῊΙ</span> 
     </span>
    </p>
   </div>
   <div class='ocr_carea' id='block_1_2' title="bbox 374 595 1467 732">
    <p class='ocr_par' dir='ltr' id='par_1_2' title="bbox 374 595 1467 732">
     <span class='ocr_line' id='line_1_2' title="bbox 374 595 1467 732; baseline -0.005 -17"><span class='ocrx_word' id='word_1_4' title='bbox 374 649 549 717; x_wconf 77' lang='lat' dir='ltr'><strong>obsonato</strong></span> <span class='ocrx_word' id='word_1_5' title='bbox 563 646 678 715; x_wconf 77' lang='lat' dir='ltr'><strong>uatum</strong></span> <span class='ocrx_word' id='word_1_6' title='bbox 690 652 756 727; x_wconf 83' lang='lat' dir='ltr'><strong>cst,</strong></span> <span class='ocrx_word' id='word_1_7' title='bbox 770 652 809 713; x_wconf 92' lang='lat' dir='ltr'><strong>ut</strong></span> <span class='ocrx_word' id='word_1_8' title='bbox 820 646 874 713; x_wconf 83' lang='lat' dir='ltr'><strong>his</strong></span> <span class='ocrx_word' id='word_1_9' title='bbox 887 595 1103 731; x_wconf 74' lang='lat' dir='ltr'><strong>religionibus</strong></span> <span class='ocrx_word' id='word_1_10' title='bbox 1117 644 1279 732; x_wconf 87' lang='lat' dir='ltr'><strong>populurn</strong></span> <span class='ocrx_word' id='word_1_11' title='bbox 1299 644 1467 712; x_wconf 69' lang='lat' dir='ltr'><strong>liberaret.</strong></span> 
     </span>
    </p>
   </div>
   <div class='ocr_carea' id='block_1_3' title="bbox 338 746 1477 3338">
    <p class='ocr_par' dir='ltr' id='par_1_3' title="bbox 373 746 1469 1231">
     <span class='ocr_line' id='line_1_3' title="bbox 374 746 1468 827; baseline -0.005 -10"><span class='ocrx_word' id='word_1_12' title='bbox 374 750 412 817; x_wconf 87' lang='lat' dir='ltr'><strong>Is</strong></span> <span class='ocrx_word' id='word_1_13' title='bbox 426 755 461 816; x_wconf 87' lang='lat' dir='ltr'><strong>et</strong></span> <span class='ocrx_word' id='word_1_14' title='bbox 474 752 508 815; x_wconf 94' lang='lat' dir='ltr'><strong>in</strong></span> <span class='ocrx_word' id='word_1_15' title='bbox 518 752 680 817; x_wconf 77' lang='lat' dir='ltr'>concione</span> <span class='ocrx_word' id='word_1_16' title='bbox 693 758 832 817; x_wconf 86' lang='lat' dir='ltr'><strong>sanatus</strong></span> <span class='ocrx_word' id='word_1_17' title='bbox 846 752 1038 817; x_wconf 83' lang='lat' dir='ltr'><strong>consultum</strong></span> <span class='ocrx_word' id='word_1_18' title='bbox 1049 748 1203 817; x_wconf 63' lang='lat' dir='ltr'><strong>adunit</strong></span> <span class='ocrx_word' id='word_1_19' title='bbox 1212 756 1247 814; x_wconf 85' lang='lat' dir='ltr'><strong>ct</strong></span> <span class='ocrx_word' id='word_1_20' title='bbox 1259 748 1376 826; x_wconf 81' lang='lat' dir='ltr'><strong>edixit,</strong></span> <span class='ocrx_word' id='word_1_21' title='bbox 1386 753 1397 785; x_wconf 87' lang='lat'>‘</span> <span class='ocrx_word' id='word_1_22' title='bbox 1407 746 1468 827; x_wconf 91' lang='lat' dir='ltr'><strong>Ut,</strong></span> 
     </span>
     <span class='ocr_line' id='line_1_4' title="bbox 374 849 1467 937; baseline -0.003 -20"><span class='ocrx_word' id='word_1_23' title='bbox 374 853 576 937; x_wconf 77' lang='lat' dir='ltr'><strong>quicumque</strong></span> <span class='ocrx_word' id='word_1_24' title='bbox 589 852 693 918; x_wconf 83' lang='lat' dir='ltr'><strong>libros</strong></span> <span class='ocrx_word' id='word_1_25' title='bbox 706 853 873 919; x_wconf 82' lang='lat' dir='ltr'><strong>vaticinos</strong></span> <span class='ocrx_word' id='word_1_26' title='bbox 883 864 897 891; x_wconf 82' lang='lat'><strong><em>⁴</em></strong></span> <span class='ocrx_word' id='word_1_27' title='bbox 912 852 1162 936; x_wconf 82' lang='lat' dir='ltr'><strong>precationesve</strong></span> <span class='ocrx_word' id='word_1_28' title='bbox 1176 858 1236 916; x_wconf 89' lang='lat' dir='ltr'><strong>unt</strong></span> <span class='ocrx_word' id='word_1_29' title='bbox 1250 858 1353 917; x_wconf 86' lang='lat' dir='ltr'><strong>artem</strong></span> <span class='ocrx_word' id='word_1_30' title='bbox 1364 849 1467 915; x_wconf 86' lang='lat' dir='ltr'><strong>sacri·</strong></span> 
     </span>
     <span class='ocr_line' id='line_1_5' title="bbox 374 953 1469 1040; baseline -0.002 -21"><span class='ocrx_word' id='word_1_31' title='bbox 374 953 496 1019; x_wconf 86' lang='lat' dir='ltr'><strong>iicandi</strong></span> <span class='ocrx_word' id='word_1_32' title='bbox 521 954 740 1040; x_wconf 82' lang='lat' dir='ltr'><strong>conscriptam</strong></span> <span class='ocrx_word' id='word_1_33' title='bbox 761 954 909 1033; x_wconf 85' lang='lat' dir='ltr'><strong>haberet,</strong></span> <span class='ocrx_word' id='word_1_34' title='bbox 934 974 994 1021; x_wconf 87' lang='lat' dir='ltr'><strong>cos</strong></span> <span class='ocrx_word' id='word_1_35' title='bbox 1013 954 1116 1020; x_wconf 89' lang='lat' dir='ltr'><strong>libros</strong></span> <span class='ocrx_word' id='word_1_36' title='bbox 1141 974 1261 1020; x_wconf 86' lang='lat' dir='ltr'><strong>omnes</strong></span> <span class='ocrx_word' id='word_1_37' title='bbox 1284 953 1469 1037; x_wconf 71' lang='lat' dir='ltr'><strong>literaeque</strong></span> 
     </span>
     <span class='ocr_line' id='line_1_6' title="bbox 375 1053 1467 1141; baseline 0 -20"><span class='ocrx_word' id='word_1_38' title='bbox 375 1055 420 1121; x_wconf 80' lang='lat' dir='ltr'><strong>orl</strong></span> <span class='ocrx_word' id='word_1_39' title='bbox 434 1076 473 1122; x_wconf 86' lang='lat' dir='ltr'><strong>se</strong></span> <span class='ocrx_word' id='word_1_40' title='bbox 487 1061 565 1121; x_wconf 85' lang='lat' dir='ltr'><strong>autc</strong></span> <span class='ocrx_word' id='word_1_41' title='bbox 576 1054 754 1122; x_wconf 85' lang='lat' dir='ltr'><strong>Kalendas</strong></span> <span class='ocrx_word' id='word_1_42' title='bbox 767 1054 904 1141; x_wconf 80' lang='lat' dir='ltr'><strong>Apriles</strong></span> <span class='ocrx_word' id='word_1_43' title='bbox 919 1055 1080 1123; x_wconf 78' lang='lat' dir='ltr'><strong>deferret:</strong></span> <span class='ocrx_word' id='word_1_44' title='bbox 1102 1075 1168 1123; x_wconf 93' lang='lat' dir='ltr'><strong>nen</strong></span> <span class='ocrx_word' id='word_1_45' title='bbox 1181 1056 1271 1141; x_wconf 90' lang='lat' dir='ltr'><strong>quis,</strong></span> <span class='ocrx_word' id='word_1_46' title='bbox 1286 1056 1319 1121; x_wconf 92' lang='lat' dir='ltr'><strong>in</strong></span> <span class='ocrx_word' id='word_1_47' title='bbox 1329 1053 1467 1139; x_wconf 90' lang='lat' dir='ltr'><strong>publico</strong></span> 
     </span>
     <span class='ocr_line' id='line_1_7' title="bbox 373 1156 1268 1231; baseline -0.002 -6"><span class='ocrx_word' id='word_1_48' title='bbox 373 1178 516 1225; x_wconf 81' lang='lat' dir='ltr'><strong>sacrove</strong></span> <span class='ocrx_word' id='word_1_49' title='bbox 530 1160 620 1231; x_wconf 88' lang='lat' dir='ltr'><strong>loco.</strong></span> <span class='ocrx_word' id='word_1_50' title='bbox 635 1178 726 1225; x_wconf 87' lang='lat' dir='ltr'><strong>novo</strong></span> <span class='ocrx_word' id='word_1_51' title='bbox 737 1166 797 1226; x_wconf 92' lang='lat' dir='ltr'><strong>ant</strong></span> <span class='ocrx_word' id='word_1_52' title='bbox 809 1169 946 1227; x_wconf 83' lang='lat' dir='ltr'><strong>externo</strong></span> <span class='ocrx_word' id='word_1_53' title='bbox 961 1160 1024 1225; x_wconf 89' lang='lat' dir='ltr'><strong>ritu</strong></span> <span class='ocrx_word' id='word_1_54' title='bbox 1040 1156 1268 1226; x_wconf 82' lang='lat' dir='ltr'><strong>sacrificaret&#39;</strong></span> 
     </span>
    </p>

    <p class='ocr_par' dir='ltr' id='par_1_4' title="bbox 338 1258 1477 3201">
     <span class='ocr_line' id='line_1_8' title="bbox 416 1258 1470 1347; baseline -0.002 -20"><span class='ocrx_word' id='word_1_55' title='bbox 416 1265 449 1327; x_wconf 82' lang='lat'><strong>2.</strong></span> <span class='ocrx_word' id='word_1_56' title='bbox 473 1261 519 1327; x_wconf 89' lang='lat' dir='ltr'><strong>Et</strong></span> <span class='ocrx_word' id='word_1_57' title='bbox 532 1262 666 1347; x_wconf 85' lang='lat' dir='ltr'><strong>aliquot</strong></span> <span class='ocrx_word' id='word_1_58' title='bbox 675 1262 803 1346; x_wconf 81' lang='lat' dir='ltr'><strong>publici</strong></span> <span class='ocrx_word' id='word_1_59' title='bbox 817 1263 1008 1329; x_wconf 82' lang='lat' dir='ltr'><strong>sacerdotes</strong></span> <span class='ocrx_word' id='word_1_60' title='bbox 1022 1264 1145 1329; x_wconf 89' lang='lat' dir='ltr'><strong>mortni</strong></span> <span class='ocrx_word' id='word_1_61' title='bbox 1157 1282 1198 1329; x_wconf 85' lang='lat' dir='ltr'><strong>eo</strong></span> <span class='ocrx_word' id='word_1_62' title='bbox 1211 1279 1299 1327; x_wconf 86' lang='lat' dir='ltr'><strong>anuo</strong></span> <span class='ocrx_word' id='word_1_63' title='bbox 1310 1264 1405 1325; x_wconf 86' lang='lat' dir='ltr'><strong>sunt:</strong></span> <span class='ocrx_word' id='word_1_64' title='bbox 1427 1258 1470 1325; x_wconf 74' lang='lat'><strong>1.</strong></span> 
     </span>
     <span class='ocr_line' id='line_1_9' title="bbox 375 1360 1469 1451; baseline 0 -22"><span class='ocrx_word' id='word_1_65' title='bbox 375 1362 549 1431; x_wconf 82' lang='lat' dir='ltr'><strong>Cornelius</strong></span> <span class='ocrx_word' id='word_1_66' title='bbox 559 1362 723 1433; x_wconf 84' lang='lat' dir='ltr'><strong>Lentulus</strong></span> <span class='ocrx_word' id='word_1_67' title='bbox 736 1368 890 1451; x_wconf 79' lang='lat' dir='ltr'><strong>pontifex</strong></span> <span class='ocrx_word' id='word_1_68' title='bbox 905 1366 1087 1443; x_wconf 84' lang='lat' dir='ltr'><strong>maximus,</strong></span> <span class='ocrx_word' id='word_1_69' title='bbox 1103 1372 1139 1431; x_wconf 86' lang='lat' dir='ltr'><strong>et</strong></span> <span class='ocrx_word' id='word_1_70' title='bbox 1149 1364 1188 1431; x_wconf 83' lang='lat' dir='ltr'><strong>G.</strong></span> <span class='ocrx_word' id='word_1_71' title='bbox 1201 1363 1360 1447; x_wconf 75' lang='lat' dir='ltr'><strong>Papirius</strong></span> <span class='ocrx_word' id='word_1_72' title='bbox 1375 1360 1416 1429; x_wconf 83' lang='lat' dir='ltr'><strong>G·</strong></span> <span class='ocrx_word' id='word_1_73' title='bbox 1427 1360 1469 1429; x_wconf 81' lang='lat' dir='ltr'><strong>F.</strong></span> 
     </span>
     <span class='ocr_line' id='line_1_10' title="bbox 375 1462 1470 1553; baseline -0.002 -22"><span class='ocrx_word' id='word_1_74' title='bbox 375 1466 480 1533; x_wconf 84' lang='lat' dir='ltr'><strong>Maso</strong></span> <span class='ocrx_word' id='word_1_75' title='bbox 498 1469 663 1553; x_wconf 80' lang='lat' dir='ltr'><strong>pontifex,</strong></span> <span class='ocrx_word' id='word_1_76' title='bbox 677 1475 711 1535; x_wconf 87' lang='lat' dir='ltr'><strong>et</strong></span> <span class='ocrx_word' id='word_1_77' title='bbox 732 1468 774 1534; x_wconf 88' lang='lat' dir='ltr'><strong>P.</strong></span> <span class='ocrx_word' id='word_1_78' title='bbox 797 1468 917 1535; x_wconf 85' lang='lat' dir='ltr'><strong>Furius</strong></span> <span class='ocrx_word' id='word_1_79' title='bbox 937 1468 1057 1535; x_wconf 81' lang='lat' dir='ltr'><strong>Philus</strong></span> <span class='ocrx_word' id='word_1_80' title='bbox 1077 1486 1194 1550; x_wconf 81' lang='lat' dir='ltr'><strong>augur,</strong></span> <span class='ocrx_word' id='word_1_81' title='bbox 1207 1471 1241 1531; x_wconf 87' lang='lat' dir='ltr'><strong>et</strong></span> <span class='ocrx_word' id='word_1_82' title='bbox 1255 1462 1296 1529; x_wconf 81' lang='lat' dir='ltr'><strong>G.</strong></span> <span class='ocrx_word' id='word_1_83' title='bbox 1310 1463 1470 1549; x_wconf 77' lang='lat' dir='ltr'><strong>Papirius</strong></span> 
     </span>
     <span class='ocr_line' id='line_1_11' title="bbox 375 1565 1472 1637; baseline -0.004 -2"><span class='ocrx_word' id='word_1_84' title='bbox 375 1568 417 1635; x_wconf 66' lang='grc' dir='ltr'><strong>Ι..</strong></span> <span class='ocrx_word' id='word_1_85' title='bbox 446 1570 488 1637; x_wconf 87' lang='lat' dir='ltr'><strong>F.</strong></span> <span class='ocrx_word' id='word_1_86' title='bbox 514 1569 616 1636; x_wconf 79' lang='lat' dir='ltr'><strong>Maso</strong></span> <span class='ocrx_word' id='word_1_87' title='bbox 637 1571 806 1637; x_wconf 78' lang='lat' dir='ltr'><strong>decemvir</strong></span> <span class='ocrx_word' id='word_1_88' title='bbox 831 1590 1013 1636; x_wconf 86' lang='lat' dir='ltr'><strong>sacrorum.</strong></span> <span class='ocrx_word' id='word_1_89' title='bbox 1056 1570 1098 1636; x_wconf 92' lang='lat' dir='ltr'><strong>In</strong></span> <span class='ocrx_word' id='word_1_90' title='bbox 1122 1568 1255 1637; x_wconf 82' lang='lat' dir='ltr'><strong>Lentuli</strong></span> <span class='ocrx_word' id='word_1_91' title='bbox 1279 1569 1393 1634; x_wconf 87' lang='lat' dir='ltr'><strong>locum</strong></span> <span class='ocrx_word' id='word_1_92' title='bbox 1421 1565 1472 1631; x_wconf 79' lang='lat' dir='ltr'><strong>M.</strong></span> 
     </span>
     <span class='ocr_line' id='line_1_12' title="bbox 376 1670 1472 1758; baseline -0.003 -21"><span class='ocrx_word' id='word_1_93' title='bbox 376 1671 553 1738; x_wconf 80' lang='lat' dir='ltr'><strong>Cornelius</strong></span> <span class='ocrx_word' id='word_1_94' title='bbox 566 1672 745 1755; x_wconf 77' lang='lat' dir='ltr'><strong>Cethegus,</strong></span> <span class='ocrx_word' id='word_1_95' title='bbox 760 1673 796 1737; x_wconf 91' lang='lat' dir='ltr'><strong>in</strong></span> <span class='ocrx_word' id='word_1_96' title='bbox 812 1672 940 1758; x_wconf 86' lang='lat' dir='ltr'><strong>Papirii</strong></span> <span class='ocrx_word' id='word_1_97' title='bbox 954 1673 1016 1740; x_wconf 75' lang='lat' dir='ltr'><strong>(ln.</strong></span> <span class='ocrx_word' id='word_1_98' title='bbox 1035 1672 1197 1737; x_wconf 81' lang='lat' dir='ltr'><strong>Seruilius</strong></span> <span class='ocrx_word' id='word_1_99' title='bbox 1217 1670 1345 1754; x_wconf 78' lang='lat' dir='ltr'><strong>Caepio,</strong></span> <span class='ocrx_word' id='word_1_100' title='bbox 1360 1670 1472 1753; x_wconf 91' lang='lat' dir='ltr'><strong>ponti·</strong></span> 
     </span>
     <span class='ocr_line' id='line_1_13' title="bbox 375 1772 1471 1859; baseline -0.002 -20"><span class='ocrx_word' id='word_1_101' title='bbox 375 1774 460 1839; x_wconf 83' lang='lat' dir='ltr'><strong>tices</strong></span> <span class='ocrx_word' id='word_1_102' title='bbox 473 1773 605 1841; x_wconf 74' lang='lat' dir='ltr'><strong>suffecti</strong></span> <span class='ocrx_word' id='word_1_103' title='bbox 620 1782 708 1842; x_wconf 87' lang='lat' dir='ltr'><strong>sunt.</strong></span> <span class='ocrx_word' id='word_1_104' title='bbox 740 1773 857 1859; x_wconf 76' lang='lat' dir='ltr'><strong>Augur</strong></span> <span class='ocrx_word' id='word_1_105' title='bbox 871 1780 1002 1842; x_wconf 85' lang='lat' dir='ltr'><strong>creatus</strong></span> <span class='ocrx_word' id='word_1_106' title='bbox 1018 1776 1059 1841; x_wconf 73' lang='lat'><strong>1..</strong></span> <span class='ocrx_word' id='word_1_107' title='bbox 1076 1775 1235 1855; x_wconf 81' lang='lat' dir='ltr'><strong>Quintius</strong></span> <span class='ocrx_word' id='word_1_108' title='bbox 1249 1772 1471 1851; x_wconf 86' lang='lat' dir='ltr'><strong>Flamininus,</strong></span> 
     </span>
     <span class='ocr_line' id='line_1_14' title="bbox 376 1875 1472 1945; baseline -0.001 -4"><span class='ocrx_word' id='word_1_109' title='bbox 376 1876 542 1943; x_wconf 85' lang='lat' dir='ltr'><strong>decemvir</strong></span> <span class='ocrx_word' id='word_1_110' title='bbox 556 1884 746 1944; x_wconf 77' lang='lat' dir='ltr'><strong>sacrorum·</strong></span> <span class='ocrx_word' id='word_1_111' title='bbox 768 1878 809 1945; x_wconf 80' lang='lat'><strong>1..</strong></span> <span class='ocrx_word' id='word_1_112' title='bbox 830 1877 1009 1945; x_wconf 82' lang='lat' dir='ltr'><strong>Cornelius</strong></span> <span class='ocrx_word' id='word_1_113' title='bbox 1029 1878 1203 1945; x_wconf 75' lang='lat' dir='ltr'><strong>lentulus.</strong></span> <span class='ocrx_word' id='word_1_114' title='bbox 1248 1875 1472 1942; x_wconf 78' lang='lat' dir='ltr'><strong>comitiorum</strong></span> 
     </span>
     <span class='ocr_line' id='line_1_15' title="bbox 376 1978 1473 2067; baseline 0 -25"><span class='ocrx_word' id='word_1_115' title='bbox 376 1980 605 2047; x_wconf 78' lang='lat' dir='ltr'><strong>consularium</strong></span> <span class='ocrx_word' id='word_1_116' title='bbox 615 1982 687 2066; x_wconf 85' lang='lat' dir='ltr'><strong>jam</strong></span> <span class='ocrx_word' id='word_1_117' title='bbox 701 1984 882 2067; x_wconf 83' lang='lat' dir='ltr'><strong>appetebat</strong></span> <span class='ocrx_word' id='word_1_118' title='bbox 895 1990 1050 2067; x_wconf 77' lang='lat' dir='ltr'><strong>tempus3</strong></span> <span class='ocrx_word' id='word_1_119' title='bbox 1080 1981 1152 2060; x_wconf 85' lang='lat' dir='ltr'><strong>sed,</strong></span> <span class='ocrx_word' id='word_1_120' title='bbox 1167 1980 1249 2065; x_wconf 87' lang='lat' dir='ltr'><strong>qnia</strong></span> <span class='ocrx_word' id='word_1_121' title='bbox 1270 1978 1425 2044; x_wconf 74' lang='lat' dir='ltr'><strong>consules</strong></span> <span class='ocrx_word' id='word_1_122' title='bbox 1451 1996 1473 2043; x_wconf 88' lang='lat' dir='ltr'><strong>a</strong></span> 
     </span>
     <span class='ocr_line' id='line_1_16' title="bbox 375 2081 1472 2171; baseline -0.004 -24"><span class='ocrx_word' id='word_1_123' title='bbox 375 2081 470 2147; x_wconf 87' lang='lat' dir='ltr'><strong>bello</strong></span> <span class='ocrx_word' id='word_1_124' title='bbox 485 2084 631 2150; x_wconf 70' lang='lat' dir='ltr'><strong>intentoe</strong></span> <span class='ocrx_word' id='word_1_125' title='bbox 647 2085 811 2151; x_wconf 83' lang='lat' dir='ltr'><strong>avocare⁸</strong></span> <span class='ocrx_word' id='word_1_126' title='bbox 834 2104 899 2151; x_wconf 92' lang='lat' dir='ltr'><strong>non</strong></span> <span class='ocrx_word' id='word_1_127' title='bbox 914 2084 1084 2171; x_wconf 83' lang='lat' dir='ltr'><strong>placebat,</strong></span> <span class='ocrx_word' id='word_1_128' title='bbox 1098 2082 1140 2149; x_wconf 87' lang='lat' dir='ltr'><strong>T.</strong></span> <span class='ocrx_word' id='word_1_129' title='bbox 1156 2082 1376 2167; x_wconf 87' lang='lat' dir='ltr'><strong>Sempronius</strong></span> <span class='ocrx_word' id='word_1_130' title='bbox 1393 2099 1472 2147; x_wconf 89' lang='lat' dir='ltr'><strong>oon·</strong></span> 
     </span>
     <span class='ocr_line' id='line_1_17' title="bbox 378 2180 1472 2256; baseline 0 -9"><span class='ocrx_word' id='word_1_131' title='bbox 378 2184 432 2249; x_wconf 90' lang='lat' dir='ltr'><strong>sul</strong></span> <span class='ocrx_word' id='word_1_132' title='bbox 451 2185 657 2252; x_wconf 85' lang='lat' dir='ltr'><strong>comitiorum</strong></span> <span class='ocrx_word' id='word_1_133' title='bbox 673 2187 989 2256; x_wconf 85' lang='lat' dir='ltr'><strong>causadictatorem</strong></span> <span class='ocrx_word' id='word_1_134' title='bbox 1010 2186 1098 2253; x_wconf 86' lang='lat' dir='ltr'><strong>dixit</strong></span> <span class='ocrx_word' id='word_1_135' title='bbox 1120 2185 1161 2252; x_wconf 84' lang='lat' dir='ltr'><strong>G.</strong></span> <span class='ocrx_word' id='word_1_136' title='bbox 1184 2183 1366 2251; x_wconf 85' lang='lat' dir='ltr'><strong>Claudium</strong></span> <span class='ocrx_word' id='word_1_137' title='bbox 1387 2180 1472 2247; x_wconf 84' lang='lat' dir='ltr'><strong>Cen-</strong></span> 
     </span>
     <span class='ocr_line' id='line_1_18' title="bbox 338 2285 1473 2374; baseline 0 -23"><span class='ocrx_word' id='word_1_138' title='bbox 338 2360 343 2371; x_wconf 21' lang='grc' dir='ltr'>ι</span> <span class='ocrx_word' id='word_1_139' title='bbox 376 2285 522 2353; x_wconf 83' lang='lat' dir='ltr'><strong>tironem.</strong></span> <span class='ocrx_word' id='word_1_140' title='bbox 564 2287 677 2355; x_wconf 80' lang='lat' dir='ltr'><strong>Abeo</strong></span> <span class='ocrx_word' id='word_1_141' title='bbox 698 2289 858 2371; x_wconf 66' lang='lat' dir='ltr'><strong>magister</strong></span> <span class='ocrx_word' id='word_1_142' title='bbox 881 2289 1032 2374; x_wconf 83' lang='lat' dir='ltr'><strong>equitum</strong></span> <span class='ocrx_word' id='word_1_143' title='bbox 1054 2295 1108 2355; x_wconf 88' lang='lat' dir='ltr'><strong>est</strong></span> <span class='ocrx_word' id='word_1_144' title='bbox 1126 2287 1241 2355; x_wconf 86' lang='lat' dir='ltr'><strong>dictus</strong></span> <span class='ocrx_word' id='word_1_145' title='bbox 1261 2288 1306 2367; x_wconf 80' lang='lat' dir='ltr'><strong>Q.</strong></span> <span class='ocrx_word' id='word_1_146' title='bbox 1329 2286 1473 2353; x_wconf 87' lang='lat' dir='ltr'><strong>Fulvius</strong></span> 
     </span>
     <span class='ocr_line' id='line_1_19' title="bbox 378 2384 1474 2477; baseline -0.002 -24"><span class='ocrx_word' id='word_1_147' title='bbox 378 2387 533 2455; x_wconf 83' lang='lat' dir='ltr'><strong>Flaccus.</strong></span> <span class='ocrx_word' id='word_1_148' title='bbox 575 2390 732 2457; x_wconf 86' lang='lat' dir='ltr'><strong>Dictator</strong></span> <span class='ocrx_word' id='word_1_149' title='bbox 745 2392 854 2477; x_wconf 89' lang='lat' dir='ltr'><strong>primo</strong></span> <span class='ocrx_word' id='word_1_150' title='bbox 868 2391 1028 2457; x_wconf 85' lang='lat' dir='ltr'><strong>comitiali</strong></span> <span class='ocrx_word' id='word_1_151' title='bbox 1047 2390 1102 2456; x_wconf 87' lang='lat' dir='ltr'><strong>die</strong></span> <span class='ocrx_word' id='word_1_152' title='bbox 1117 2391 1244 2457; x_wconf 86' lang='lat' dir='ltr'><strong>creavit</strong></span> <span class='ocrx_word' id='word_1_153' title='bbox 1257 2388 1413 2455; x_wconf 86' lang='lat' dir='ltr'><strong>consules</strong></span> <span class='ocrx_word' id='word_1_154' title='bbox 1428 2384 1474 2467; x_wconf 81' lang='lat' dir='ltr'><strong>Q.</strong></span> 
     </span>
     <span class='ocr_line' id='line_1_20' title="bbox 379 2490 1474 2581; baseline -0.002 -24"><span class='ocrx_word' id='word_1_155' title='bbox 379 2490 540 2559; x_wconf 86' lang='lat' dir='ltr'><strong>Fulvium</strong></span> <span class='ocrx_word' id='word_1_156' title='bbox 562 2492 735 2575; x_wconf 84' lang='lat' dir='ltr'><strong>Flaccum,</strong></span> <span class='ocrx_word' id='word_1_157' title='bbox 753 2496 946 2581; x_wconf 79' lang='lat' dir='ltr'><strong>magistrum</strong></span> <span class='ocrx_word' id='word_1_158' title='bbox 970 2496 1131 2580; x_wconf 86' lang='lat' dir='ltr'><strong>equitnm,</strong></span> <span class='ocrx_word' id='word_1_159' title='bbox 1153 2501 1187 2561; x_wconf 93' lang='lat' dir='ltr'><strong>et</strong></span> <span class='ocrx_word' id='word_1_160' title='bbox 1211 2493 1280 2577; x_wconf 83' lang='lat' dir='ltr'><strong>Ap.</strong></span> <span class='ocrx_word' id='word_1_161' title='bbox 1295 2490 1474 2559; x_wconf 80' lang='lat' dir='ltr'><strong>Claudium</strong></span> 
     </span>
     <span class='ocr_line' id='line_1_21' title="bbox 377 2592 1475 2685; baseline 0.001 -25"><span class='ocrx_word' id='word_1_162' title='bbox 377 2592 574 2677; x_wconf 86' lang='lat' dir='ltr'><strong>Pulchrum,</strong></span> <span class='ocrx_word' id='word_1_163' title='bbox 596 2598 653 2664; x_wconf 92' lang='lat' dir='ltr'><strong>cui</strong></span> <span class='ocrx_word' id='word_1_164' title='bbox 674 2598 793 2666; x_wconf 85' lang='lat' dir='ltr'><strong>Sicilia</strong></span> <span class='ocrx_word' id='word_1_165' title='bbox 815 2598 989 2684; x_wconf 84' lang='lat' dir='ltr'><strong>provincia</strong></span> <span class='ocrx_word' id='word_1_166' title='bbox 1003 2599 1038 2664; x_wconf 93' lang='lat' dir='ltr'><strong>in</strong></span> <span class='ocrx_word' id='word_1_167' title='bbox 1060 2602 1204 2685; x_wconf 72' lang='lat' dir='ltr'><strong>praetura</strong></span> <span class='ocrx_word' id='word_1_168' title='bbox 1223 2595 1343 2662; x_wconf 79' lang='lat' dir='ltr'><strong>suerat.</strong></span> <span class='ocrx_word' id='word_1_169' title='bbox 1385 2593 1475 2662; x_wconf 77' lang='lat' dir='ltr'><strong>Tun</strong></span> 
     </span>
     <span class='ocr_line' id='line_1_22' title="bbox 377 2695 1475 2782; baseline 0.001 -19"><span class='ocrx_word' id='word_1_170' title='bbox 377 2705 542 2782; x_wconf 81' lang='lat' dir='ltr'><strong>praetores</strong></span> <span class='ocrx_word' id='word_1_171' title='bbox 557 2701 661 2768; x_wconf 85' lang='lat' dir='ltr'><strong>crcati</strong></span> <span class='ocrx_word' id='word_1_172' title='bbox 685 2701 749 2768; x_wconf 85' lang='lat' dir='ltr'><strong>Cn.</strong></span> <span class='ocrx_word' id='word_1_173' title='bbox 765 2701 907 2768; x_wconf 79' lang='lat' dir='ltr'><strong>Fulvius</strong></span> <span class='ocrx_word' id='word_1_174' title='bbox 931 2700 1089 2780; x_wconf 86' lang='lat' dir='ltr'><strong>Flaccus,</strong></span> <span class='ocrx_word' id='word_1_175' title='bbox 1114 2701 1155 2768; x_wconf 85' lang='lat' dir='ltr'><strong>G.</strong></span> <span class='ocrx_word' id='word_1_176' title='bbox 1175 2699 1342 2767; x_wconf 79' lang='lat' dir='ltr'><strong>Claudius</strong></span> <span class='ocrx_word' id='word_1_177' title='bbox 1366 2695 1475 2776; x_wconf 86' lang='lat' dir='ltr'><strong>Nero,</strong></span> 
     </span>
     <span class='ocr_line' id='line_1_23' title="bbox 380 2799 1477 2890; baseline 0 -25"><span class='ocrx_word' id='word_1_178' title='bbox 380 2800 433 2865; x_wconf 85' lang='grc' dir='ltr'><strong>Μ.</strong></span> <span class='ocrx_word' id='word_1_179' title='bbox 446 2801 571 2868; x_wconf 73' lang='lat' dir='ltr'><strong>Iunius</strong></span> <span class='ocrx_word' id='word_1_180' title='bbox 593 2803 740 2885; x_wconf 85' lang='lat' dir='ltr'><strong>Silanus,</strong></span> <span class='ocrx_word' id='word_1_181' title='bbox 755 2806 797 2871; x_wconf 92' lang='lat' dir='ltr'><strong>P.</strong></span> <span class='ocrx_word' id='word_1_182' title='bbox 820 2803 999 2872; x_wconf 85' lang='lat' dir='ltr'><strong>Cornelius</strong></span> <span class='ocrx_word' id='word_1_183' title='bbox 1021 2805 1127 2890; x_wconf 87' lang='lat' dir='ltr'><strong>Sylla.</strong></span> <span class='ocrx_word' id='word_1_184' title='bbox 1171 2802 1325 2869; x_wconf 83' lang='lat' dir='ltr'><strong>Comitiis</strong></span> <span class='ocrx_word' id='word_1_185' title='bbox 1348 2799 1477 2886; x_wconf 83' lang='lat' dir='ltr'><strong>pericc-</strong></span> 
     </span>
     <span class='ocr_line' id='line_1_24' title="bbox 380 2903 1476 2990; baseline -0.002 -22"><span class='ocrx_word' id='word_1_186' title='bbox 380 2905 438 2981; x_wconf 87' lang='lat' dir='ltr'><strong>tis,</strong></span> <span class='ocrx_word' id='word_1_187' title='bbox 461 2903 606 2970; x_wconf 85' lang='lat' dir='ltr'><strong>dictator</strong></span> <span class='ocrx_word' id='word_1_188' title='bbox 618 2907 818 2990; x_wconf 74' lang='lat' dir='ltr'><strong>magistratu</strong></span> <span class='ocrx_word' id='word_1_189' title='bbox 832 2910 929 2975; x_wconf 86' lang='lat' dir='ltr'><strong>abiit.</strong></span> <span class='ocrx_word' id='word_1_190' title='bbox 972 2907 1095 2974; x_wconf 84' lang='lat' dir='ltr'><strong>AEdilis</strong></span> <span class='ocrx_word' id='word_1_191' title='bbox 1110 2907 1237 2972; x_wconf 91' lang='lat' dir='ltr'><strong>curulis</strong></span> <span class='ocrx_word' id='word_1_192' title='bbox 1251 2905 1315 2971; x_wconf 84' lang='lat' dir='ltr'><strong>tuit</strong></span> <span class='ocrx_word' id='word_1_193' title='bbox 1327 2923 1369 2969; x_wconf 87' lang='lat' dir='ltr'><strong>eo</strong></span> <span class='ocrx_word' id='word_1_194' title='bbox 1384 2921 1476 2967; x_wconf 90' lang='lat' dir='ltr'><strong>anno</strong></span> 
     </span>
     <span class='ocr_line' id='line_1_25' title="bbox 380 3003 1477 3094; baseline 0.003 -25"><span class='ocrx_word' id='word_1_195' title='bbox 380 3024 458 3069; x_wconf 89' lang='lat' dir='ltr'><strong>cnm</strong></span> <span class='ocrx_word' id='word_1_196' title='bbox 475 3006 526 3072; x_wconf 81' lang='grc' dir='ltr'><strong>Μ.</strong></span> <span class='ocrx_word' id='word_1_197' title='bbox 541 3003 698 3073; x_wconf 79' lang='lat' dir='ltr'><strong>Cornelio</strong></span> <span class='ocrx_word' id='word_1_198' title='bbox 710 3007 877 3094; x_wconf 69' lang='lat' dir='ltr'><strong>eeuegor</strong></span> <span class='ocrx_word' id='word_1_199' title='bbox 900 3011 941 3077; x_wconf 86' lang='lat' dir='ltr'><strong>P.</strong></span> <span class='ocrx_word' id='word_1_200' title='bbox 957 3011 1133 3079; x_wconf 85' lang='lat' dir='ltr'><strong>Cornelius</strong></span> <span class='ocrx_word' id='word_1_201' title='bbox 1155 3003 1300 3092; x_wconf 88' lang='lat' dir='ltr'><strong>Scipio,&#39;¹</strong></span> <span class='ocrx_word' id='word_1_202' title='bbox 1323 3005 1380 3072; x_wconf 92' lang='lat' dir='ltr'><strong>cni</strong></span> <span class='ocrx_word' id='word_1_203' title='bbox 1397 3008 1477 3090; x_wconf 85' lang='lat' dir='ltr'><strong>post</strong></span> 
     </span>
     <span class='ocr_line' id='line_1_26' title="bbox 380 3105 1477 3201; baseline 0.002 -31"><span class='ocrx_word' id='word_1_204' title='bbox 380 3105 544 3172; x_wconf 83' lang='lat' dir='ltr'><strong>Africano</strong></span> <span class='ocrx_word' id='word_1_205' title='bbox 557 3107 619 3174; x_wconf 86' lang='lat' dir='ltr'><strong>luit</strong></span> <span class='ocrx_word' id='word_1_206' title='bbox 632 3127 827 3194; x_wconf 72' lang='lat' dir='ltr'><strong>cognomen.</strong></span> <span class='ocrx_word' id='word_1_207' title='bbox 872 3113 968 3181; x_wconf 90' lang='lat' dir='ltr'><strong>Huic</strong></span> <span class='ocrx_word' id='word_1_208' title='bbox 983 3113 1109 3201; x_wconf 89' lang='lat' dir='ltr'><strong>petenti</strong></span> <span class='ocrx_word' id='word_1_209' title='bbox 1120 3111 1312 3180; x_wconf 72' lang='lat' dir='ltr'><strong>editorem</strong></span> <span class='ocrx_word' id='word_1_210' title='bbox 1323 3126 1401 3174; x_wconf 90' lang='lat' dir='ltr'><strong>cum</strong></span> <span class='ocrx_word' id='word_1_211' title='bbox 1415 3107 1477 3174; x_wconf 86' lang='lat' dir='ltr'><strong>ob·</strong></span> 
     </span>
    </p>

    <p class='ocr_par' dir='ltr' id='par_1_5' title="bbox 411 3279 719 3338">
     <span class='ocr_line' id='line_1_27' title="bbox 411 3279 719 3338; baseline 0.019 -6"><span class='ocrx_word' id='word_1_212' title='bbox 411 3279 719 3338; x_wconf 55' lang='lat' dir='ltr'><strong>marmanum</strong></span> 
     </span>
    </p>
   </div>
   <div class='ocr_carea' id='block_1_4' title="bbox 837 3368 1018 3392">
    <p class='ocr_par' dir='ltr' id='par_1_6' title="bbox 837 3368 1018 3392">
     <span class='ocr_line' id='line_1_28' title="bbox 837 3368 1018 3392; baseline 0.011 -2"><span class='ocrx_word' id='word_1_213' title='bbox 837 3368 1018 3392; x_wconf 60' lang='grc' dir='ltr'><strong>00400οΜ</strong></span> 
     </span>
    </p>
   </div>
   <div class='ocr_carea' id='block_1_5' title="bbox 412 3413 1478 3520">
    <p class='ocr_par' dir='ltr' id='par_1_7' title="bbox 412 3413 1478 3520">
     <span class='ocr_line' id='line_1_29' title="bbox 412 3413 1478 3520; baseline 0.008 -24"><span class='ocrx_word' id='word_1_214' title='bbox 412 3447 430 3493; x_wconf 85' lang='lat' dir='ltr'><strong>e</strong></span> <span class='ocrx_word' id='word_1_215' title='bbox 447 3445 741 3502; x_wconf 64' lang='lat' dir='ltr'><strong>mucosa-ea</strong></span> <span class='ocrx_word' id='word_1_216' title='bbox 752 3413 958 3520; x_wconf 59' lang='lat' dir='ltr'><strong>mrem</strong></span> <span class='ocrx_word' id='word_1_217' title='bbox 969 3455 1068 3507; x_wconf 66' lang='lat' dir='ltr'><strong>arra</strong></span> <span class='ocrx_word' id='word_1_218' title='bbox 1084 3443 1260 3519; x_wconf 56' lang='lat' dir='ltr'><strong>nannet-o</strong></span> <span class='ocrx_word' id='word_1_219' title='bbox 1276 3448 1354 3515; x_wconf 74' lang='lat' dir='ltr'><strong>conj.</strong></span> <span class='ocrx_word' id='word_1_220' title='bbox 1364 3447 1478 3514; x_wconf 74' lang='lat' dir='ltr'><strong>rupert·</strong></span> 
     </span>
    </p>
   </div>
   <div class='ocr_carea' id='block_1_6' title="bbox 876 3583 988 3638">
    <p class='ocr_par' dir='ltr' id='par_1_8' title="bbox 876 3583 988 3638">
     <span class='ocr_line' id='line_1_30' title="bbox 876 3583 988 3638; baseline -0.027 -1"><span class='ocrx_word' id='word_1_221' title='bbox 876 3583 988 3638; x_wconf 72' lang='lat' dir='ltr'><strong>NOTAE</strong></span> 
     </span>
    </p>
   </div>
   <div class='ocr_carea' id='block_1_7' title="bbox 381 3673 1480 4290">
    <p class='ocr_par' dir='ltr' id='par_1_9' title="bbox 381 3673 1480 4290">
     <span class='ocr_line' id='line_1_31' title="bbox 382 3673 1478 3748; baseline 0.005 -25"><span class='ocrx_word' id='word_1_222' title='bbox 382 3673 465 3736; x_wconf 76' lang='lat' dir='ltr'><strong>bont3</strong></span> <span class='ocrx_word' id='word_1_223' title='bbox 482 3674 529 3725; x_wconf 75' lang='lat' dir='ltr'><strong>ned</strong></span> <span class='ocrx_word' id='word_1_224' title='bbox 551 3676 641 3728; x_wconf 73' lang='lat' dir='ltr'><strong>ediles</strong></span> <span class='ocrx_word' id='word_1_225' title='bbox 661 3681 773 3739; x_wconf 65' lang='lat' dir='ltr'><strong>curules,</strong></span> <span class='ocrx_word' id='word_1_226' title='bbox 791 3683 909 3748; x_wconf 76' lang='lat' dir='ltr'><strong>quanvis</strong></span> <span class='ocrx_word' id='word_1_227' title='bbox 950 3692 1010 3737; x_wconf 75' lang='lat' dir='ltr'><strong>snut</strong></span> <span class='ocrx_word' id='word_1_228' title='bbox 1022 3699 1062 3738; x_wconf 82' lang='lat' dir='ltr'><strong>nn.</strong></span> <span class='ocrx_word' id='word_1_229' title='bbox 1074 3683 1107 3736; x_wconf 85' lang='lat' dir='ltr'><strong>U.</strong></span> <span class='ocrx_word' id='word_1_230' title='bbox 1119 3683 1151 3734; x_wconf 83' lang='lat' dir='ltr'><strong>c.</strong></span> <span class='ocrx_word' id='word_1_231' title='bbox 1162 3685 1219 3733; x_wconf 72' lang='lat' dir='ltr'><strong>tut).</strong></span> <span class='ocrx_word' id='word_1_232' title='bbox 1229 3679 1267 3730; x_wconf 80' lang='lat' dir='ltr'><strong>lta</strong></span> <span class='ocrx_word' id='word_1_233' title='bbox 1278 3683 1307 3729; x_wconf 90' lang='lat' dir='ltr'><strong>ut</strong></span> <span class='ocrx_word' id='word_1_234' title='bbox 1317 3677 1431 3744; x_wconf 84' lang='lat' dir='ltr'><strong>quinque</strong></span> <span class='ocrx_word' id='word_1_235' title='bbox 1443 3691 1478 3728; x_wconf 84' lang='lat' dir='ltr'><strong>ex</strong></span> 
     </span>
     <span class='ocr_line' id='line_1_32' title="bbox 382 3749 1478 3828; baseline 0.003 -27"><span class='ocrx_word' id='word_1_236' title='bbox 382 3749 416 3801; x_wconf 76' lang='lat' dir='ltr'><strong>(le</strong></span> <span class='ocrx_word' id='word_1_237' title='bbox 425 3751 504 3802; x_wconf 68' lang='lat' dir='ltr'><strong>ntus</strong></span> <span class='ocrx_word' id='word_1_238' title='bbox 515 3753 648 3805; x_wconf 66' lang='lat' dir='ltr'><strong>tenuibus</strong></span> <span class='ocrx_word' id='word_1_239' title='bbox 657 3768 855 3821; x_wconf 71' lang='lat' dir='ltr'><strong>cognoscerent,</strong></span> <span class='ocrx_word' id='word_1_240' title='bbox 863 3761 910 3812; x_wconf 87' lang='lat' dir='ltr'><strong>rni-</strong></span> <span class='ocrx_word' id='word_1_241' title='bbox 949 3761 1077 3828; x_wconf 77' lang='lat' dir='ltr'><strong>patrieilr,</strong></span> <span class='ocrx_word' id='word_1_242' title='bbox 1096 3760 1206 3811; x_wconf 83' lang='lat' dir='ltr'><strong>totidem</strong></span> <span class='ocrx_word' id='word_1_243' title='bbox 1225 3769 1258 3806; x_wconf 84' lang='lat' dir='ltr'><strong>ex</strong></span> <span class='ocrx_word' id='word_1_244' title='bbox 1276 3753 1385 3821; x_wconf 76' lang='lat' dir='ltr'><strong>plebeiis</strong></span> <span class='ocrx_word' id='word_1_245' title='bbox 1407 3765 1478 3804; x_wconf 78' lang='lat' dir='ltr'><strong>orca·</strong></span> 
     </span>
     <span class='ocr_line' id='line_1_33' title="bbox 381 3827 1049 3894; baseline 0.018 -18"><span class='ocrx_word' id='word_1_246' title='bbox 381 3827 489 3877; x_wconf 73' lang='lat' dir='ltr'><strong>nuribus</strong></span> <span class='ocrx_word' id='word_1_247' title='bbox 516 3829 709 3894; x_wconf 68' lang='lat' dir='ltr'><strong>magistratibus</strong></span> <span class='ocrx_word' id='word_1_248' title='bbox 741 3848 909 3888; x_wconf 79' lang='lat' dir='ltr'><strong>connumera·</strong></span> <span class='ocrx_word' id='word_1_249' title='bbox 950 3847 1049 3890; x_wconf 65' lang='lat' dir='ltr'><strong>mutor.</strong></span> 
     </span>
     <span class='ocr_line' id='line_1_34' title="bbox 381 3903 1480 3978; baseline 0.009 -25"><span class='ocrx_word' id='word_1_250' title='bbox 381 3903 479 3955; x_wconf 75' lang='lat' dir='ltr'><strong>bantur</strong></span> <span class='ocrx_word' id='word_1_251' title='bbox 488 3908 682 3972; x_wconf 78' lang='lat' dir='ltr'><strong>comparatione</strong></span> <span class='ocrx_word' id='word_1_252' title='bbox 690 3911 832 3970; x_wconf 77' lang='lat' dir='ltr'><strong>consulum,</strong></span> <span class='ocrx_word' id='word_1_253' title='bbox 843 3926 910 3978; x_wconf 73' lang='lat' dir='ltr'><strong>pra·</strong></span> <span class='ocrx_word' id='word_1_254' title='bbox 982 3915 995 3951; x_wconf 72' lang='grc' dir='ltr'>Ι</span> <span class='ocrx_word' id='word_1_255' title='bbox 1012 3917 1043 3967; x_wconf 86' lang='grc' dir='ltr'><strong>Ρ.</strong></span> <span class='ocrx_word' id='word_1_256' title='bbox 1063 3915 1188 3966; x_wconf 63' lang='lat' dir='ltr'><strong>Germia·</strong></span> <span class='ocrx_word' id='word_1_257' title='bbox 1209 3909 1301 3978; x_wconf 77' lang='lat' dir='ltr'><strong>Scipio]</strong></span> <span class='ocrx_word' id='word_1_258' title='bbox 1317 3909 1419 3962; x_wconf 78' lang='lat' dir='ltr'><strong>Auctor</strong></span> <span class='ocrx_word' id='word_1_259' title='bbox 1437 3913 1480 3959; x_wconf 74' lang='lat' dir='ltr'><strong>ext</strong></span> 
     </span>
     <span class='ocr_line' id='line_1_35' title="bbox 382 3984 1480 4060; baseline -0.005 -19"><span class='ocrx_word' id='word_1_260' title='bbox 382 3987 478 4042; x_wconf 56' lang='grc' dir='ltr'><strong>ΨΜ,</strong></span> <span class='ocrx_word' id='word_1_261' title='bbox 492 3984 542 4032; x_wconf 70' lang='lat'><strong>⁸1⁰·</strong></span> <span class='ocrx_word' id='word_1_262' title='bbox 948 3993 995 4044; x_wconf 89' lang='lat' dir='ltr'><strong>lib.</strong></span> <span class='ocrx_word' id='word_1_263' title='bbox 1007 4007 1035 4046; x_wconf 84' lang='lat' dir='ltr'><strong>x.</strong></span> <span class='ocrx_word' id='word_1_264' title='bbox 1053 3992 1148 4060; x_wconf 78' lang='lat' dir='ltr'><strong>Polyb.</strong></span> <span class='ocrx_word' id='word_1_265' title='bbox 1165 3991 1234 4042; x_wconf 86' lang='lat' dir='ltr'><strong>Pub.</strong></span> <span class='ocrx_word' id='word_1_266' title='bbox 1258 3989 1404 4054; x_wconf 79' lang='lat' dir='ltr'><strong>Scipionem</strong></span> <span class='ocrx_word' id='word_1_267' title='bbox 1420 4000 1480 4038; x_wconf 87' lang='lat' dir='ltr'><strong>cunr</strong></span> 
     </span>
     <span class='ocr_line' id='line_1_36' title="bbox 415 4059 1480 4134; baseline 0.007 -27"><span class='ocrx_word' id='word_1_268' title='bbox 415 4065 430 4101; x_wconf 67' lang='grc' dir='ltr'><em>τ</em></span> <span class='ocrx_word' id='word_1_269' title='bbox 455 4059 585 4108; x_wconf 64' lang='lat' dir='ltr'><strong>nem</strong></span> <span class='ocrx_word' id='word_1_270' title='bbox 607 4059 741 4125; x_wconf 66' lang='lat' dir='ltr'><strong>aarum]</strong></span> <span class='ocrx_word' id='word_1_271' title='bbox 767 4063 820 4116; x_wconf 78' lang='lat' dir='ltr'><strong>Qui</strong></span> <span class='ocrx_word' id='word_1_272' title='bbox 840 4065 910 4129; x_wconf 79' lang='lat' dir='ltr'><strong>prino</strong></span> <span class='ocrx_word' id='word_1_273' title='bbox 952 4071 1014 4121; x_wconf 84' lang='lat' dir='ltr'><strong>Luc.</strong></span> <span class='ocrx_word' id='word_1_274' title='bbox 1024 4070 1146 4134; x_wconf 77' lang='lat' dir='ltr'><strong>Scipione</strong></span> <span class='ocrx_word' id='word_1_275' title='bbox 1164 4067 1248 4119; x_wconf 76' lang='lat' dir='ltr'><strong>fratre</strong></span> <span class='ocrx_word' id='word_1_276' title='bbox 1268 4067 1371 4120; x_wconf 73' lang='lat' dir='ltr'><strong>aditam</strong></span> <span class='ocrx_word' id='word_1_277' title='bbox 1387 4063 1480 4128; x_wconf 67' lang='lat' dir='ltr'><strong>tuane,</strong></span> 
     </span>
     <span class='ocr_line' id='line_1_37' title="bbox 383 4131 1480 4212; baseline 0.006 -31"><span class='ocrx_word' id='word_1_278' title='bbox 383 4131 511 4182; x_wconf 79' lang='lat' dir='ltr'><strong>duumuiri</strong></span> <span class='ocrx_word' id='word_1_279' title='bbox 522 4134 594 4184; x_wconf 77' lang='lat' dir='ltr'><strong>libris</strong></span> <span class='ocrx_word' id='word_1_280' title='bbox 611 4135 811 4202; x_wconf 55' lang='lat' dir='ltr'><strong>sibytttnnmu</strong></span> <span class='ocrx_word' id='word_1_281' title='bbox 822 4137 911 4192; x_wconf 78' lang='lat' dir='ltr'><strong>satidl·</strong></span> <span class='ocrx_word' id='word_1_282' title='bbox 952 4145 1250 4212; x_wconf 77' lang='lat' dir='ltr'><strong>idqueoltaerrstetiam</strong></span> <span class='ocrx_word' id='word_1_283' title='bbox 1263 4143 1378 4196; x_wconf 78' lang='lat' dir='ltr'><strong>Velleius</strong></span> <span class='ocrx_word' id='word_1_284' title='bbox 1390 4142 1436 4191; x_wconf 92' lang='lat' dir='ltr'><strong>lib.</strong></span> <span class='ocrx_word' id='word_1_285' title='bbox 1447 4153 1480 4196; x_wconf 84' lang='lat' dir='ltr'><strong>u.</strong></span> 
     </span>
     <span class='ocr_line' id='line_1_38' title="bbox 383 4211 1480 4290; baseline 0.006 -28"><span class='ocrx_word' id='word_1_286' title='bbox 383 4212 432 4271; x_wconf 79' lang='lat' dir='ltr'><strong>cis,</strong></span> <span class='ocrx_word' id='word_1_287' title='bbox 445 4211 621 4277; x_wconf 76' lang='lat' dir='ltr'><strong>inspiciendis,</strong></span> <span class='ocrx_word' id='word_1_288' title='bbox 636 4221 665 4266; x_wconf 84' lang='lat' dir='ltr'><strong>et</strong></span> <span class='ocrx_word' id='word_1_289' title='bbox 681 4218 762 4268; x_wconf 73' lang='lat' dir='ltr'><strong>enoris</strong></span> <span class='ocrx_word' id='word_1_290' title='bbox 778 4232 809 4269; x_wconf 83' lang='lat' dir='ltr'><strong>ex</strong></span> <span class='ocrx_word' id='word_1_291' title='bbox 823 4233 912 4270; x_wconf 84' lang='lat' dir='ltr'><strong>eornnr</strong></span> <span class='ocrx_word' id='word_1_292' title='bbox 952 4221 1021 4290; x_wconf 81' lang='lat' dir='ltr'><strong>qnod</strong></span> <span class='ocrx_word' id='word_1_293' title='bbox 1032 4223 1136 4274; x_wconf 85' lang='lat' dir='ltr'><strong>omuino</strong></span> <span class='ocrx_word' id='word_1_294' title='bbox 1148 4236 1244 4288; x_wconf 79' lang='lat' dir='ltr'><strong>muru,</strong></span> <span class='ocrx_word' id='word_1_295' title='bbox 1255 4228 1285 4274; x_wconf 89' lang='lat' dir='ltr'><strong>ut</strong></span> <span class='ocrx_word' id='word_1_296' title='bbox 1302 4219 1409 4286; x_wconf 67' lang='lat' dir='ltr'><strong>collega</strong></span> <span class='ocrx_word' id='word_1_297' title='bbox 1427 4215 1480 4270; x_wconf 79' lang='lat' dir='ltr'><strong>fra·</strong></span> 
     </span>
    </p>
   </div>
   <div class='ocr_carea' id='block_1_8' title="bbox 383 4287 1111 4428">
    <p class='ocr_par' dir='ltr' id='par_1_10' title="bbox 383 4287 1111 4428">
     <span class='ocr_line' id='line_1_39' title="bbox 384 4287 1111 4360; baseline 0.022 -26"><span class='ocrx_word' id='word_1_298' title='bbox 384 4287 484 4336; x_wconf 79' lang='lat' dir='ltr'><strong>monitu</strong></span> <span class='ocrx_word' id='word_1_299' title='bbox 511 4288 632 4338; x_wconf 76' lang='lat' dir='ltr'><strong>curandis</strong></span> <span class='ocrx_word' id='word_1_300' title='bbox 656 4293 788 4358; x_wconf 68' lang='lat' dir='ltr'><strong>prepositi</strong></span> <span class='ocrx_word' id='word_1_301' title='bbox 815 4305 912 4360; x_wconf 74' lang='lat' dir='ltr'><strong>erant3</strong></span> <span class='ocrx_word' id='word_1_302' title='bbox 951 4305 1111 4353; x_wconf 75' lang='lat' dir='ltr'><strong>trecassent.</strong></span> 
     </span>
     <span class='ocr_line' id='line_1_40' title="bbox 383 4368 911 4428; baseline 0.028 -16"><span class='ocrx_word' id='word_1_303' title='bbox 383 4368 478 4428; x_wconf 76' lang='lat' dir='ltr'><strong>postea</strong></span> <span class='ocrx_word' id='word_1_304' title='bbox 489 4371 566 4416; x_wconf 81' lang='lat' dir='ltr'><strong>aucto</strong></span> <span class='ocrx_word' id='word_1_305' title='bbox 576 4378 683 4418; x_wconf 86' lang='lat' dir='ltr'><strong>nnnrero</strong></span> <span class='ocrx_word' id='word_1_306' title='bbox 693 4368 835 4423; x_wconf 74' lang='lat' dir='ltr'><strong>deoemviri</strong></span> <span class='ocrx_word' id='word_1_307' title='bbox 849 4370 911 4426; x_wconf 79' lang='lat' dir='ltr'><strong>lacti</strong></span> 
     </span>
    </p>
   </div>
   <div class='ocr_carea' id='block_1_9' title="bbox 0 0 1648 5225">
    <p class='ocr_par' dir='ltr' id='par_1_11' title="bbox 0 0 1648 5225">
     <span class='ocr_line' id='line_1_41' title="bbox 0 0 1648 5225; baseline 0 0"><span class='ocrx_word' id='word_1_308' title='bbox 0 0 1648 5225; x_wconf 95' lang='lat' dir='ltr'><strong> </strong></span> 
     </span>
    </p>
   </div>
  </div>
 </body>
</html>
