3259 5225
355 452 443 522 uras
824 474 858 522 r.
885 474 980 524 arvrr

356 615 442 684 Inde
455 616 563 684 citato
573 635 665 704 equo
680 614 782 685 Cales
796 621 977 704 percurrit:
999 620 1057 686 nbi
1069 640 1147 688 oum
1157 619 1193 688 in
1206 619 1362 688 bibunali
1376 641 1458 689 corr⁴

356 720 513 799 sedisset,
525 720 747 806 productique
758 719 925 807 Campani
936 723 1157 806 deligarentur
1165 724 1208 789 ad
1218 725 1343 808 palum,
1351 744 1456 810 eques

355 823 444 888 citus
458 823 502 888 nb
517 823 630 889 Muto
644 824 745 902 veuit,
755 823 934 910 literaeque
948 825 1019 891 aC.
1029 825 1208 910 Calpurnio
1219 833 1362 912 praetore
1373 826 1457 891 Ful·

355 925 414 991 rio
429 931 464 991 et
477 934 613 992 senatus
632 928 823 992 coasultum
848 927 1022 996 tradidit.¹¹
1068 927 1219 992 Murmur
1234 929 1278 994 ab
1297 929 1456 994 tribunali

356 1033 462 1094 totam
478 1030 676 1094 concionem
690 1029 851 1114 pervasit,
872 1027 998 1094 differri
1010 1049 1078 1094 rom
1098 1029 1260 1114 integram
1277 1029 1322 1096 od
1337 1028 1456 1096 Patres

355 1128 400 1194 de
411 1129 619 1215 Campanis3
639 1138 710 1196 et¹²
731 1129 886 1208 Fulvius,
896 1130 933 1195 id
944 1132 995 1196 ita
1006 1151 1081 1196 esse
1094 1139 1197 1212 ratus,
1210 1139 1369 1218 aooeptes
1380 1134 1457 1198 lite·

354 1252 411 1298 ras
424 1253 536 1319 neque
550 1235 717 1300 resolutae
727 1253 804 1299 oum
814 1234 851 1298 in
862 1235 989 1317 gremio
1001 1236 1222 1319 reposuisset,
1232 1236 1383 1319 praeconi
1394 1237 1458 1300 im·

354 1336 496 1418 perurit,
510 1346 550 1403 nt
563 1337 714 1403 lictorem
729 1337 801 1420 lege
815 1355 913 1420 egere
930 1336 1088 1422 juberet?t
1132 1335 1186 1402 lta
1200 1337 1244 1402 de
1257 1339 1300 1402 iis
1312 1357 1456 1423 quoque,

355 1438 415 1520 qui
430 1437 570 1506 Calibus
583 1447 690 1516 erant,
704 1450 853 1505 sumtum
874 1440 1093 1524 suppliciam.
1133 1438 1221 1504 'l'um
1236 1439 1343 1504 literae
1358 1440 1470 1508 lectae

355 1549 559 1627 senatusque
571 1543 773 1622 consultam,
785 1563 895 1609 aeram
912 1542 957 1608 ad
967 1542 1217 1628 impediendam
1232 1561 1300 1607 rem
1323 1550 1456 1625 actam;

267 1660 271 1676 ·
354 1663 647 1730 qnmeummaopo
658 1653 882 1731 approperata
897 1652 981 1725 erat,
996 1666 1037 1710 ue
1051 1644 1206 1729 impediri
1218 1649 1346 1729 posset.
1369 1642 1459 1710 Con·

354 1756 543 1830 surgentem
562 1747 636 1833 jem
660 1747 819 1813 Fulvium
833 1748 964 1813 Taurea
983 1745 1156 1813 Juballius
1173 1745 1378 1832 Campanus,
1395 1766 1458 1830 per

354 1849 500 1915 mediam
519 1849 647 1916 vadens
663 1851 782 1915 urbem
800 1852 1011 1935 turbamque,
1031 1852 1166 1916 nomine
1188 1849 1396 1927 inclamarit,
1411 1857 1457 1928 et,

354 1967 445 2028 num,
459 1950 675 2016 mirabundus
689 1950 848 2035 quidnam
864 1973 941 2018 sese
951 1953 1061 2030 vellet,
1075 1952 1259 2020 resedisset
1271 1951 1457 2030 Flaccus,¹³

354 2050 436 2116 ‘Me
446 2052 601 2138 quoqne,'
622 2054 741 2138 inquit,
764 2053 864 2138 ‘jube
876 2054 1001 2135 occidi,
1016 2061 1054 2119 ut
1065 2054 1197 2137 gloriari
1211 2053 1338 2138 possis,
1351 2055 1458 2121 multo

353 2152 534 2233 fortiorem,
544 2175 648 2242 quam
658 2156 734 2241 ipse
746 2177 797 2236 es,
806 2158 913 2222 uirum
926 2158 989 2222 abs
1004 2164 1037 2222 te
1049 2164 1076 2207 ¹4
1086 2158 1237 2223 occisum
1249 2154 1349 2222 esse!
1370 2154 1458 2222 Cum

261 2330 265 2335 ,
355 2255 504 2323 Hancne
529 2265 676 2342 negaret,
700 2259 872 2343 ‘proiecto
896 2261 980 2324 setis
1004 2265 1192 2346 compotem
1216 2262 1335 2325 mentis
1360 2257 1458 2338 esse,'

353 2359 466 2439 modo,
488 2362 676 2446 ‘prohiberi
697 2365 799 2428 etiarn
821 2382 870 2441 se,
885 2363 916 2427 si
934 2361 971 2427 id
985 2363 1097 2445 vellet,
1120 2370 1257 2429 senatus
1278 2362 1459 2441 consulto,’

353 2463 505 2529 dicerett
526 2470 597 2530 tum
622 2464 805 2543 Iubellius,
829 2464 1154 2550 ‘Quandoquidem'
1180 2466 1299 2550 inquit,
1330 2468 1458 2551 ‘cepte

353 2566 474 2649 patria,
488 2568 687 2654 propinquis
702 2570 889 2657 amicisque
904 2570 1052 2648 amissis,
1067 2588 1142 2635 cum
1164 2569 1240 2655 ipse
1263 2588 1365 2635 mann
1379 2586 1458 2635 men

353 2668 528 2755 conjugem
547 2672 740 2757 liberosque
753 2672 988 2751 interfecerim,
1003 2692 1045 2737 ue
1066 2672 1147 2756 quid
1166 2672 1293 2756 indigni
1307 2678 1456 2757 peteren-

353 2776 419 2853 tur,
429 2773 511 2840 mibi
521 2794 563 2841 ue
575 2777 693 2842 mortis
706 2775 839 2861 quidem
855 2776 957 2860 copie
968 2773 1086 2841 eadem
1097 2782 1162 2855 est,
1175 2793 1253 2859 quse
1264 2773 1458 2841 hisciribus

812 2954 997 2978 ”ommno

352 3082 418 3130 -ro
435 3076 477 3131 ΑΙ.
495 3078 684 3131 noim-ll
701 3080 891 3147 ‘binasque
910 3083 940 3132 C.
962 3080 1091 3147 Calpurnio
1104 3082 1234 3146 populoque
1246 3081 1354 3132 Rmmo
1371 3081 1458 3133 Fuluio

351 3160 406 3195 curs
416 3144 563 3195 tradidisset.
596 3146 639 3195 lts
655 3144 789 3209 leqsbstnr
806 3158 867 3198 ante
883 3146 1025 3211 Sipontum,
1042 3148 1105 3196 sutis
1119 3147 1220 3211 inepte:
1238 3147 1274 3197 its
1295 3162 1327 3196 ue
1339 3152 1459 3210 repatuit

353 3210 408 3273 ille,
424 3210 553 3273 literaeque
570 3226 588 3261 s
600 3210 630 3261 G.
642 3212 772 3275 emma
779 3219 884 3276 pretore
895 3214 981 3264 Fulvio
990 3226 1044 3262 euos
1061 3212 1209 3262 tradidisset.
1242 3214 1276 3263 Se
1314 3212 1375 3262 Pet.
1386 3214 1459 3265 Men.

352 3276 430 3325 Voss.
440 3282 469 3325 et
480 3274 624 3325 Florentiui
635 3276 752 3341 aliqunto
767 3293 784 3327 o
796 3279 826 3329 C.
838 3278 967 3341 Calpurnio
975 3279 1106 3341 populoque
1120 3277 1224 3326 Romo
1235 3276 1321 3327 Fuluio
1328 3280 1458 3330 ooutrsdit.

353 3338 429 3390 Alias
442 3340 578 3401 Etruscae,
592 3339 720 3405 litemque
737 3357 754 3393 s
774 3344 804 3393 C.
817 3343 947 3407 comto
961 3346 1064 3407 protere
1078 3342 1164 3391 Fulvio
1180 3342 1266 3392 tradit.
1299 3340 1384 3406 Alius,
1399 3359 1416 3393 s
1427 3344 1458 3393 G.

355 3404 502 3467 Cslptmio
514 3406 598 3469 populo
606 3405 640 3456 tt
650 3407 737 3457 Fuluio
745 3413 782 3458 est
792 3423 845 3458 esur
855 3408 941 3458 trudit.
975 3406 1070 3469 Regius
1082 3414 1110 3457 et
1122 3407 1180 3456 Pal.
1199 3407 1344 3471 Calpiurus'o
1354 3415 1458 3472 proeton

352 3469 438 3520 Fulvio
453 3471 582 3521 mandit.
616 3470 660 3521 its
679 3473 804 3523 vitiarunt
823 3474 946 3537 optimum
964 3472 1120 3535 scripturum
1140 3471 1311 3535 antiquissimi
1330 3473 1393 3524 Put.
1411 3474 1457 3539 qui

353 3534 442 3597 plane,
456 3548 525 3598 eques
542 3535 606 3586 situs
621 3536 651 3586 ab
664 3536 742 3587 Rosea
753 3538 828 3595 osuit,
838 3538 965 3603 literaeque
976 3554 991 3587 a
1004 3539 1033 3587 C.
1046 3536 1175 3601 Calpurnio
1183 3542 1285 3601 proetm
1296 3537 1383 3588 Fuluio
1394 3544 1417 3589 et
1429 3539 1458 3590 S.

355 3599 386 3648 C.
397 3599 484 3650 tradit.
499 3600 613 3651 Murmur
628 3600 658 3650 sb
674 3602 791 3654 trilouoti
802 3608 878 3654 mors
893 3605 1027 3654 morionem
1037 3602 1152 3667 peruasit,
1168 3602 1266 3668 differri
1275 3616 1326 3651 reor
1337 3604 1458 3665 integrm

352 3665 384 3714 sd
394 3664 485 3715 Patres
498 3666 528 3715 de
540 3666 676 3731 cmo.
709 3667 774 3719 llsro
790 3683 838 3734 pro
855 3677 935 3734 osptrr
955 3682 1001 3718 sno
1017 3668 1042 3716 lu
1062 3667 1188 3732 sequioris
1206 3668 1255 3729 reri
1276 3668 1349 3717 libris
1368 3682 1458 3719 sorra·

353 3740 450 3793 petunt
460 3731 563 3781 notorii.
597 3732 751 3795 Explicatur
767 3742 829 3797 post
844 3750 939 3799 pancos
958 3747 1059 3793 uersus,
1077 3734 1137 3783 ituro
1152 3732 1229 3783 lbera
1239 3734 1307 3783 bota
1318 3738 1459 3799 motusque

351 3797 501 3845 marran:
514 3796 542 3848 J.
560 3795 591 3846 F.
604 3795 752 3850 tiron-12
769 3800 823 3850 Pro
844 3806 869 3851 et
887 3800 957 3861 oonj·
974 3800 1101 3860 Doering.
1112 3796 1221 3849 ,la-rs
1238 3798 1300 3849 Vat.
1320 3798 1365 3850 lib.
1388 3798 1457 3865 npnd

353 3859 443 3975 {1⁸⁰5
456 3865 482 3911 et
494 3876 549 3911 euos
563 3862 715 3913 nirsbmdsu
730 3864 842 3928 quidum
852 3881 902 3917 sese
912 3864 990 3923 uellet,
1005 3864 1146 3929 inquireret,
1158 3863 1265 3913 residem
1281 3862 1457 3914 Finem-lt
1484 3894 1489 3900 ·

393 3958 401 3975 0
451 3930 485 3977 te.

847 4040 958 4094 NOTAE

384 4143 399 4169 ¹
424 4135 491 4199 lage
511 4136 707 4203 ogerejuteret]
735 4137 886 4201 lugebere
926 4136 1458 4201 tratuu,euursuppliciunrsuaridedsar·

352 4214 407 4276 loqu
421 4228 502 4277 ogere,
518 4221 559 4264 est
577 4214 719 4265 monadum
735 4216 820 4278 legem
840 4216 886 4265 ali·
926 4213 1146 4279 uadsjubebsnt3
1161 4228 1222 4263 nam
1232 4222 1260 4264 et
1271 4212 1374 4265 itst‘ere
1385 4215 1458 4265 daur·

352 4288 415 4354 qaid
425 4289 547 4355 persequi
556 4300 604 4341 snt
613 4292 725 4356 exequi:
747 4290 885 4355 speciatim
926 4293 1023 4341 nebant
1033 4297 1064 4341 ut
1075 4298 1175 4341 tuntum
1186 4299 1277 4341 eontra
1286 4292 1369 4357 legam
1380 4290 1458 4343 ieris·

353 4372 441 4416 tamen
459 4366 507 4417 bro
518 4364 629 4417 formul·
641 4365 783 4419 utebantur
792 4369 886 4433 mugis-
926 4382 955 4420 se
966 4368 1049 4421 videri
1061 4369 1269 4434 pronuntiarent.
