3259 5225
388 433 476 502 2400
852 455 886 504 r.
911 454 1009 504 nrrrr

388 595 611 681 Peparethum
626 595 738 676 mittit,
753 597 812 682 qui
826 597 907 664 locu
921 599 993 664 eltu
1005 599 1177 682 eligerent,
1192 598 1279 665 unde
1294 598 1380 665 editi
1394 601 1486 683 ignes

322 687 328 702 ⁹
388 697 617 786 apparerent*
659 700 741 785 Ipse
764 703 800 764 iu
819 700 996 767 Tisaeo¹⁷·
1020 701 1133 788 (mous
1153 710 1206 767 est
1224 704 1259 767 iu
1274 703 1487 767 altitudinem

386 803 550 886 ingentem
565 803 750 870 cacuminis
765 801 865 887 editi)
877 804 1051 888 speculum
1066 806 1194 889 posuit,
1209 811 1245 870 ut
1259 807 1397 888 ignibus
1410 825 1487 889 pre-

387 906 444 972 cul
462 907 602 974 sublatis
619 909 760 990 siguum,
776 907 837 972 uhi
851 908 933 991 quid
948 908 1143 974 molirentur
1160 909 1289 986 hostes,
1310 915 1486 972 momento

386 1011 551 1096 temporis
572 1011 749 1094 acciperet.
793 1007 972 1075 Romanus
994 1011 1178 1094 imperetur
1199 1019 1235 1076 et
1256 1007 1398 1076 Attalus
1425 1029 1486 1072 rex

386 1131 409 1177 a
428 1112 619 1196 Peparetho
641 1107 816 1178 Nicaeum‘
836 1111 1048 1196 trajecerunt.
1091 1112 1176 1178 lude
1197 1114 1342 1178 classem
1365 1114 1403 1176 iu
1416 1112 1486 1177 Eu-

386 1215 499 1282 boeam
513 1215 558 1281 ud
572 1215 687 1280 urbem
705 1215 853 1280 Oreum*
868 1219 1110 1294 transmittunt,
1122 1236 1200 1301 quae
1214 1218 1258 1280 eb
1271 1217 1486 1282 Demetriaco

385 1316 460 1386 sinu
471 1315 522 1356 ¹⁸¹¹
536 1315 727 1384 Chalcidem
742 1323 776 1382 ct
789 1315 952 1400 Euripum
966 1322 1091 1402 petenti
1107 1320 1150 1384 ad
1166 1320 1288 1384 laevam
1302 1319 1419 1402 primu
1433 1337 1485 1382 ur-

384 1418 478 1488 bium
497 1419 639 1486 Euboeae
654 1420 767 1504 positu
782 1424 844 1484 est.
888 1419 947 1484 Itu
960 1422 1045 1486 inter
1064 1420 1218 1486 Attalum
1233 1442 1274 1486 uc
1289 1420 1486 1504 Sulpicium

385 1525 555 1603 convenit,
569 1529 609 1590 ut
621 1523 768 1589 Romani
784 1543 806 1588 s
823 1525 919 1604 meri,
932 1525 1013 1606 regii
1028 1545 1050 1590 e
1065 1532 1153 1590 terre
1168 1532 1415 1609 oppugnarent.

427 1625 461 1692 6.
484 1626 674 1706 Quutriduo
688 1635 781 1711 post,
796 1648 897 1712 quum
912 1627 1061 1711 eppulse
1079 1629 1204 1693 classis
1218 1636 1282 1706 est,
1296 1627 1487 1708 urhemug·

383 1731 487 1814 gressi
499 1735 586 1796 sunt.
629 1728 673 1795 Id
688 1739 825 1816 tempus
840 1732 983 1798 occultis
998 1751 1074 1796 cum
1090 1731 1236 1810 Platore,
1248 1731 1308 1814 qui
1318 1749 1340 1792 u
1353 1728 1487 1813 Philip

384 1852 431 1916 po
446 1833 653 1918 proepositus
668 1834 742 1899 urbi
759 1843 842 1914 erut,
866 1833 1048 1917 colloquiis
1062 1835 1250 1899 absumtum
1264 1838 1329 1899 est.
1390 1833 1486 1896 Duas
1596 1820 1597 1913 J

384 1953 478 2000 arces
494 1937 575 2000 urbs
589 1934 704 2015 hehet,
721 1955 822 2001 unum
835 1937 1061 2001 imminentem
1075 1937 1171 2014 muri,
1186 1937 1292 2000 alteru
1306 1935 1403 1999 urhis
1417 1955 1486 2000 me-

383 2037 440 2102 die
456 2035 548 2104 est.¹¹
593 2037 755 2106 Cuniculo
776 2040 852 2106 inde
872 2039 931 2106 riu
946 2037 990 2104 ud
1012 2059 1103 2104 ruere
1118 2039 1224 2119 ducit,
1238 2057 1338 2123 quum
1356 2059 1382 2104 a
1402 2039 1484 2103 muri
1596 2052 1597 2071 ¹

842 2204 1026 2228 “mmm

382 2337 429 2373 ner
448 2321 520 2373 Geli.
538 2329 566 2372 et
583 2322 660 2374 Voss.
678 2329 708 2374 ut
727 2323 844 2388 spurina
861 2331 974 2386 uerunt
988 2324 1019 2374 rh
1037 2321 1129 2374 etia-⁹
1152 2322 1180 2375 J.
1196 2321 1227 2372 P.
1244 2319 1398 2370 (irum-1⁷
1416 2319 1484 2370 ou·

385 2391 484 2438 curer.
501 2387 598 2441 ‘Quod
610 2389 755 2439 Glsreeuue
766 2390 860 2454 querit
876 2391 999 2440 curtum
1018 2397 1141 2446 montem,
1151 2386 1272 2450 inperite
1289 2384 1371 2433 feeit:
1390 2386 1483 2434 eteni-

382 2454 467 2503 nultus
485 2460 534 2503 ert.
567 2453 680 2504 liscum
699 2463 786 2504 sutem
806 2454 910 2504 iurenio
928 2455 997 2517 epud
1017 2454 1110 2518 Polyb.
1126 2452 1172 2503 tib.
1190 2465 1252 2500 ιιι.
1285 2452 1397 2498 Veteres
1407 2450 1483 2498 etiem

344 2541 346 2548 ·
380 2516 482 2568 Liuiani
501 2518 559 2567 libri
569 2518 665 2568 hubent
682 2519 784 2577 num.
796 2533 848 2570 uun
865 2519 974 2570 Cinea!
989 2519 1144 2582 Sigon—18
1159 2519 1168 2546 ⁴
1182 2517 1243 2567 Nou
1254 2515 1314 2566 stibi
1324 2515 1485 2565 memoritur

381 2583 451 2633 riuus
464 2583 654 2635 Demetriecus.
670 2584 776 2634 Matisco
787 2585 855 2649 conj.
865 2583 976 2635 Duker-⁹
992 2585 1097 2646 liutpert.

415 2654 428 2699 l
446 2647 533 2699 Altera
549 2649 616 2699 rrrhis
632 2650 710 2699 necto
727 2654 773 2715 ert,
791 2657 853 2701 ente
869 2650 953 2702 Gron.
970 2650 1055 2715 ’Κεφ
1071 2646 1406 2699 eumiesrhimrlieeet.
1422 2645 1482 2696 Pet.

875 2778 985 2833 NOTAE

380 2890 458 2943 quem
480 2876 552 2928 Prot
567 2876 673 2928 Acheln
694 2878 799 2928 noetus
819 2877 912 2943 indigi·
948 2878 1020 2929 entier
1049 2878 1077 2928 iu
1099 2876 1258 2935 Phthiotide,
1277 2877 1350 2927 uude
1369 2875 1480 2927 limus

379 2960 430 3015 tet,
441 2952 486 3003 uhi
506 2954 601 3016 Delphi
620 2962 649 3004 et
667 2952 820 3006 Parumne.
851 2955 911 3007 Situ
949 2956 1153 3021 promontorium
1172 2954 1200 3003 in
1217 2956 1276 3003 sinu
1295 2954 1480 3018 Pelasgicon

379 3038 438 3080 eret
458 3028 625 3079 interOEtenr
645 3038 759 3080 montem
779 3039 807 3079 et
826 3032 910 3082 riuum
948 3032 1140 3097 herembemii
1152 3030 1249 3081 tubulis
1259 3030 1335 3080 fida.

380 3104 535 3159 Cirrhaeuru.¹
565 3108 597 3159 Ei
609 3109 696 3158 Doree
709 3114 739 3158 et
754 3108 831 3158 locri
842 3108 910 3159 Oeo-
989 3107 1129 3170 'Nieaeesfl
1145 3108 1239 3158 Plures
1256 3115 1317 3158 suut
1332 3108 1392 3171 ejus
1404 3110 1479 3159 noni.

378 3187 412 3235 lm
430 3184 463 3235 sd
479 3198 610 3248 pecuum,
625 3184 711 3235 Boeoti
727 3199 786 3234 cunr
804 3185 911 3249 reliquis
948 3184 988 3235 uir
999 3184 1088 3247 urbes,
1098 3185 1154 3234 hec
1170 3182 1222 3232 fuit
1239 3198 1291 3232 nou
1308 3186 1404 3247 procul
1423 3188 1478 3237 sine

379 3262 473 3311 Locris
493 3262 527 3311 ed
543 3268 643 3311 ortum:
661 3274 730 3311 nuuc
745 3274 805 3325 pers
816 3268 859 3311 ert
867 3261 911 3310 Li-
947 3260 1061 3311 hleiieco
1072 3262 1099 3310 iu
1111 3260 1200 3311 locris
1211 3261 1410 3324 Epicnemidtir.

376 3338 463 3387 curtim
980 3345 993 3381 Ι
1011 3338 1112 3401 Oresa]
1127 3336 1206 3387 Petet
1217 3352 1251 3386 ex
1264 3337 1321 3399 ipso
1333 3338 1410 3388 hiric
1422 3340 1478 3388 Ore·

409 3413 422 3447 ⁴¹
442 3414 512 3463 Unde
526 3410 587 3463 editi
601 3412 669 3475 ignes
682 3410 834 3476 oppeterent]
849 3412 910 3463 Nou
946 3430 987 3464 u
1005 3416 1031 3464 in
1051 3414 1149 3465 Euhoee
1167 3414 1252 3463 insule
1268 3412 1361 3475 fnisse,
1370 3415 1477 3481 ejusque

377 3490 521 3540 ebeimitern
539 3502 613 3539 usum
630 3496 758 3553 presunt
771 3490 797 3537 iu
813 3488 910 3553 Hirpe·
947 3492 1046 3542 extima
1063 3499 1140 3555 parte
1160 3490 1195 3539 eh
1215 3490 1313 3555 Duripo
1332 3505 1435 3553 sueres,
1452 3500 1478 3542 et

376 3569 420 3620 niu
430 3576 517 3618 turres
534 3567 598 3617 locis
615 3566 684 3623 eltis,
700 3566 844 3630 presertim
855 3580 908 3615 me·
946 3569 983 3619 ric
1002 3569 1030 3618 in
1049 3584 1097 3619 ore
1113 3569 1191 3617 meris
1208 3568 1306 3632 Egel:
1322 3569 1477 3619 nunclarer

376 3646 480 3700 ritimis,
486 3644 587 3708 posite,
595 3656 701 3708 querum
714 3643 830 3692 meminit
840 3643 909 3692 Nor·
946 3645 999 3695 diei
1011 3646 1110 3695 volunt.

376 3723 684 3785 northusensis.
717 3720 813 3771 Minori
831 3722 909 3784 psulo
979 3720 1213 3772 *seue-m·
1230 3718 1298 3784 nse]
1322 3720 1378 3770 llic
1398 3722 1476 3785 uiues,

376 3797 907 3861 eeleritate,reutungecerriur,ttrtttve·
946 3796 1017 3847 isleru
1038 3812 1097 3850 crrrn
1121 3797 1269 3861 Pelasgico,
1289 3798 1334 3863 qui
1358 3798 1433 3859 Gnt‘o
1452 3800 1475 3847 u

378 3886 449 3927 teres
460 3892 518 3943 quae
533 3876 630 3941 ubique
647 3874 813 3937 gerebeum,
824 3876 908 3924 literis
945 3873 1044 3925 Δηιὼν
1064 3875 1150 3934 Italis,
1162 3875 1204 3923 uel
1215 3874 1303 3937 potius
1315 3874 1373 3937 ejus
1383 3890 1474 3937 perne

376 3954 540 4018 consignetis,
558 3966 605 4015 per
622 3946 762 4015 dispositos
780 3952 814 4000 ed
832 3960 908 4002 certe
945 3952 1085 4002 Demetrio
1100 3950 1165 4001 urhe
1183 3964 1276 3999 nornen
1297 3952 1411 4014 occepit,
1428 3951 1474 4013 (de

376 4037 406 4080 et
417 4030 501 4079 ricius
512 4028 580 4078 iuter
590 4042 619 4076 re
631 4028 716 4091 spatie
726 4028 841 4077 homiues
851 4030 906 4078 exi·
944 4042 996 4092 quo
1007 4026 1126 4091 proximo
1137 4024 1210 4087 cup.)
1217 4035 1308 4089 estque
1319 4026 1353 4075 nd
1365 4026 1473 4077 confinia

376 4107 435 4156 mie
458 4104 630 4171 peruicitetir‚
652 4103 818 4165 nuntiabunt,
838 4112 907 4155 teste
945 4102 1102 4153 Phthiotidis
1113 4107 1142 4149 et
1153 4100 1304 4161 hleguerie.

377 4186 499 4235 Cereres
523 4196 582 4247 qun
610 4178 684 4244 origo
707 4180 791 4230 rideri
817 4191 907 4245 potest
978 4176 1469 4243 *tumulumu[uoto]ar]1teg.

376 4258 475 4326 publici
485 4256 638 4305 veredorum
650 4270 717 4305 urus.
947 4253 1470 4314 tironenrtsnnattmtwttmrtmr.

407 4332 465 4383 ‘tr
477 4332 564 4397 lim]
581 4330 680 4383 'liseur
692 4332 906 4385 mousest‘l'hec·
946 4332 1086 4385 Puteum
1106 4330 1173 4395 Reg.
1189 4344 1265 4396 quem
1284 4346 1340 4396 pre
1361 4332 1470 4383 menibus
