3259 5225
391 539 481 612 m
865 557 900 606 r.
925 551 1023 604 srvrr

392 705 542 770 classem
561 698 812 768 edificandam:
834 706 874 765 ut
898 699 1071 766 minimum
1091 697 1250 778 omnium,
1273 696 1359 764 inter
1378 701 1498 766 tantu

390 825 481 892 opes
494 806 574 871 belli
584 801 746 889 captast'
768 802 938 886 Carthago
953 805 1031 888 ipsa
1043 802 1152 868 suerit.

435 909 491 974 «18.
512 907 565 974 Fu
579 907 634 972 die
649 906 781 991 Scipio,
793 906 833 973 G.
848 905 958 974 Loelio
974 926 1051 971 cum
1066 905 1172 971 sociis
1185 902 1363 969 navalibus
1382 902 1497 968 urbem

391 1010 561 1076 custodire
569 1010 679 1095 jussa
702 1009 777 1092 ipse
802 1009 838 1074 iu
860 1013 973 1073 castra
996 1008 1144 1090 legiones
1157 1006 1307 1084 reduxit,
1319 1005 1498 1090 fessosque

391 1113 518 1180 milites
527 1111 683 1177 omnibus
699 1131 767 1176 uuo
782 1111 837 1176 die
852 1111 929 1176 belli
942 1109 1124 1196 operibus⁸
1147 1111 1290 1204 (quippe
1301 1111 1360 1192 qui
1376 1115 1412 1173 et
1424 1109 1499 1174 acie

391 1213 622 1291 dimicassent,
646 1219 680 1278 et
692 1212 860 1297 capienda
886 1215 967 1278 urbe
981 1219 1109 1278 tanturn
1131 1211 1261 1278 laboris
1284 1208 1497 1296 periculique

389 1315 557 1394 adissent,
570 1322 606 1380 et
618 1321 728 1400 capta,
744 1331 819 1379 cum
836 1315 891 1393 iis,
903 1315 1004 1399 quiin
1016 1334 1128 1380 arcem
1139 1315 1364 1398 confugerant,
1380 1314 1498 1398 iniquo

392 1419 495 1485 etiam
506 1418 586 1484 loco
599 1421 819 1502 pugnassent)
833 1436 950 1483 curere
966 1435 1110 1502 corpore
1117 1417 1235 1501 jussit.
1264 1415 1412 1482 Postero
1428 1416 1496 1494 die,

389 1521 558 1587 militibus
570 1519 819 1602 navalibusque
834 1519 938 1584 sociis
953 1519 1165 1596 convocatis,
1179 1517 1323 1602 primum
1338 1517 1418 1584 Diis
1434 1520 1498 1584 im·

389 1623 587 1690 mortalibus
598 1622 784 1706 laudesque
797 1627 831 1686 et
852 1629 989 1703 grates⁹
1009 1623 1087 1704 egit,
1110 1620 1171 1705 qui
1196 1639 1233 1684 se
1252 1639 1318 1684 non
1333 1619 1427 1686 urbis
1442 1639 1498 1686 su-

389 1727 462 1792 lum
477 1725 745 1811 opulentissimus
759 1724 907 1792 omnium
918 1725 952 1789 in
967 1723 1141 1808 Hispania
1152 1741 1219 1788 uno
1234 1722 1290 1788 die
1305 1731 1496 1806 compotem

388 1827 557 1907 fecissent,
570 1828 629 1893 sed
646 1834 725 1893 ante
747 1846 791 1891 eo
804 1828 1054 1910 congessissent
1069 1828 1179 1892 omnis
1194 1847 1290 1911 pesae
1305 1825 1432 1892 Atricae
1444 1831 1496 1892 et·

389 1950 457 2015 que
470 1930 651 2015 Hispaniae
666 1949 771 2014 opes;
793 1939 832 1995 ut
845 1949 956 2014 neque
967 1930 1120 1996 hostibus
1133 1930 1314 2015 quicquam
1329 1929 1494 2014 relinque·

388 2039 490 2111 retur,
505 2037 541 2098 et
559 2031 628 2097 sibi
642 2051 684 2096 ac
696 2033 767 2096 suis
787 2033 900 2097 omnis
920 2038 1162 2117 superessent·
1206 2031 1355 2097 Militum
1370 2031 1495 2097 deinde

388 2136 545 2201 vidutsm
556 2132 772 2211 collaudavit,
782 2134 875 2218 quod
887 2153 949 2199 eos
961 2153 1025 2198 non
1041 2134 1173 2220 eruptio
1188 2134 1348 2214 hostium,
1362 2152 1431 2201 uon
1444 2133 1494 2198 al-

388 2236 500 2302 titudo
511 2236 686 2312 moeninm,
698 2255 766 2302 nou
775 2236 989 2320 inexplorata
1001 2237 1113 2320 stagni
1124 2237 1222 2315 vada,
1237 2256 1300 2302 non
1315 2236 1494 2302 castellum

389 2339 424 2404 iu
439 2337 510 2404 alto
525 2337 654 2404 tumulo
667 2339 860 2415 situm,non
869 2339 1095 2404 munitissima
1110 2357 1172 2404 arx
1185 2338 1408 2416 deterruisset,
1423 2355 1495 2422 quo

388 2443 501 2507 minus
536 2440 810 2506 transcenderent
840 2441 955 2506 omnis
989 2449 1315 2526 perrumperentque.
1358 2441 1492 2526 ltaque,

389 2562 584 2630 quanquam
608 2543 764 2609 omnibus
780 2545 896 2608 omnia
911 2543 1059 2623 deberet,
1080 2544 1292 2628 praecipuum
1304 2551 1330 2582 ¹0
1351 2544 1493 2610 muralis

388 2665 522 2713 corones
537 2647 674 2713 decus¹¹¹
696 2646 770 2730 ejus
786 2668 874 2727 esse,
894 2650 953 2731 qui
974 2650 1099 2732 primus
1121 2667 1250 2712 murum
1272 2648 1494 2715 ascendisset.

333 2744 338 2751 ’
388 2746 618 2828 Profiterutur,
641 2750 702 2833 qui
726 2769 763 2814 se
786 2751 922 2832 dignum
944 2770 984 2815 eo
1007 2750 1145 2815 duceret
1167 2750 1272 2816 dono.
1316 2750 1398 2815 Duo
1413 2770 1494 2835 pro·

386 2850 469 2919 sessi
489 2856 579 2930 sunt,
595 2850 641 2930 Q.
656 2852 844 2917 Trebellius
868 2853 1019 2918 centurio
1041 2852 1183 2934 legionis
1201 2861 1331 2937 quartae
1355 2859 1390 2917 et
1408 2852 1492 2917 Sex.

387 2952 538 3038 Digitius
548 2956 661 3019 socius
673 2953 827 3035 navalis3
849 2973 911 3018 nec
922 2955 988 3038 ipsi
998 2960 1068 3018 tam
1079 2955 1166 3017 inter
1176 2975 1214 3018 se
1228 2956 1347 3019 acriter
1357 2963 1493 3020 conteu-

388 3056 525 3133 debant,
538 3072 640 3140 quarn
656 3055 767 3123 studia
783 3056 1010 3121 excitaverant
1031 3063 1170 3139 uterque
1188 3057 1240 3119 sui
1263 3058 1414 3139 corporis
1429 3056 1492 3120 bo·

386 3158 540 3222 minum·
583 3157 694 3223 Sociis
717 3156 758 3220 C.
785 3157 913 3223 laelius
932 3158 1113 3241 preelectus
1134 3157 1275 3238 classis;
1298 3158 1492 3239 legionariis

386 3256 440 3323 M.
456 3258 675 3343 Sempronius
689 3259 886 3324 Tuditanus
902 3259 1027 3324 aderat.
1053 3258 1281 3324 Eucontentio
1291 3280 1368 3324 cum
1384 3277 1493 3346 propo

387 3359 586 3427 seditionem
600 3362 741 3440 veniret,
762 3360 882 3446 Scipio
903 3369 973 3426 tres
988 3366 1240 3444 recuperatores
1250 3370 1264 3397 ¹¹
1287 3382 1363 3427 cum
1378 3382 1415 3427 se
1431 3363 1493 3429 da·

418 3530 431 3557 ¹
448 3526 541 3574 Cuncta
549 3524 646 3590 offatim
657 3528 815 3589 suppetant.

418 3596 431 3621 ⁰
447 3590 612 3639 domat
621 3591 689 3639 nerto
705 3589 866 3638 contentiores
876 3588 994 3637 boniacus
1004 3588 1054 3647 <ias
1064 3587 1167 3643 ordinis,
1178 3604 1209 3639 es
1219 3604 1264 3654 qao
1278 3590 1375 3655 usuque
1385 3588 1493 3655 ipram

385 3658 453 3705 erute
469 3654 572 3703 wera
582 3670 674 3719 nempe,
683 3654 747 3704 atter
758 3654 892 3716 terrestris,
903 3656 964 3703 atter
973 3654 1065 3703 uerutis
1075 3654 1202 3705 exercitur.

379 3864 431 3929 jat.
443 3864 567 3922 Crem-l
579 3866 686 3917 Bellicus
697 3871 750 3915 ret.
761 3864 809 3914 lib.
820 3865 887 3927 apud
899 3866 989 3928 Sigon.

417 3933 432 3979 8
452 3932 539 3993 Operis
547 3929 646 3980 frustra
657 3932 707 3994 leg.
719 3931 867 3986 Rhenanus.
880 3931 969 3994 jndice
979 3929 1106 3993 Deering.
1139 3931 1202 3981 Mur
1214 3930 1240 3980 iu
1253 3929 1321 3981 Edu.
1333 3936 1393 3980 unte
1405 3930 1490 3983 oron.

384 3994 410 4043 ia
428 4006 489 4046 sate
503 3998 675 4061 caganus-9
696 3995 740 4045 ΑΙ.
761 3997 843 4046 leuues
860 3997 1071 4060 gratiorque—lo
1089 3996 1177 4046 Tarm
1198 4005 1255 4061 post
1278 3997 1423 4060 praequm
1443 3996 1492 4046 ud·

880 4124 989 4175 NOTAE

415 4220 425 4257 ¹
440 4222 508 4273 later
524 4228 606 4274 tostus
623 4238 678 4286 opes
693 4222 747 4273 seur
762 4223 856 4288 ceptor]
876 4222 916 4272 Si·
987 4229 999 4255 ¹·
1018 4222 1076 4273 lter
1086 4220 1272 4287 recuperasset]
1287 4222 1493 4288 ‘Reciperallo’

383 4312 445 4364 geu.
461 4300 629 4363 opeletm.
955 4308 1021 4355 eret,
1035 4309 1063 4350 ut
1081 4301 1117 4349 eit
1133 4299 1226 4351 (lellus
1238 4301 1319 4350 AEllus
1336 4300 1407 4365 apud
1425 4302 1492 4352 Fer·

416 4382 435 4408 ¹
445 4376 554 4445 pluralis
564 4390 655 4423 corono
665 4377 747 4440 decus]
762 4376 800 4425 Eu
807 4392 840 4427 ex
852 4391 915 4429 suro
955 4384 1018 4431 turn,
1030 4381 1105 4425 ‘cum
1123 4378 1192 4426 inter
1204 4380 1337 4441 populum,
1353 4387 1382 4428 et
1399 4392 1490 4443 reges,

383 4458 449 4507 erut,
461 4451 546 4516 pinnis
558 4451 698 4515 fastigiata.
956 4454 1128 4519 nationesque
1148 4463 1177 4506 et
1196 4455 1319 4505 ciuitates
1337 4458 1489 4521 peregrines
