3259 5225
486 566 559 613 crs.
584 563 697 613 xxvr.
720 565 803 613 cnr.
822 547 877 613 48.
1138 549 1225 617 aaut

37 763 40 768 Α
126 721 237 779 turum
248 711 510 797 pronuntiasset,
522 711 742 796 qui,cognita
752 695 1079 795 causetestlbusque
1091 711 1225 788 auditis,

120 811 324 900 judicarent,
343 821 418 879 uler
440 815 533 899 prior
548 817 582 880 in
597 813 759 898 oppidum
775 812 1048 889 transcendisset,
1063 811 1103 876 C.
1119 813 1226 878 Laelio

126 925 163 981 et
178 916 229 980 Μ.
246 905 454 1000 Sempronio,
467 915 643 981 advocatis
658 915 762 1000 partis
774 916 974 998 utriusque,⁰
984 914 1227 980 P.Comelium

127 1018 320 1084 Caudinum
350 1018 393 1084 de
419 1017 531 1084 medio
552 1018 689 1103 adjecit,
719 1036 847 1103 eosque
877 1025 945 1081 tres
974 1027 1227 1102 recuperatores

126 1123 303 1192 considere
314 1127 349 1186 et
363 1141 502 1187 causam
515 1139 717 1204 cognoscere
727 1121 844 1204 jussit.
887 1120 973 1186 Cum
984 1141 1038 1186 res
1049 1140 1091 1186 eo
1103 1121 1227 1206 majore

127 1231 280 1309 ageretur
294 1227 483 1304 certamine,
499 1225 590 1310 quod
606 1227 708 1290 amoti
720 1232 744 1266 ¹¹
757 1233 770 1275 Ρ
791 1232 893 1291 tantae
904 1225 1071 1308 dignitatis
1082 1232 1228 1297 nontam

127 1329 301 1407 aduocati,
310 1347 412 1414 quam
428 1329 655 1394 moderatores
668 1328 858 1394 studiorum
868 1328 1016 1409 fuerant3
1032 1327 1072 1393 G.
1085 1328 1227 1406 Laelius,

126 1435 248 1500 relicto
264 1433 422 1508 consilio,
443 1433 485 1496 ed
510 1433 649 1497 tribunal
665 1433 707 1496 ed
722 1429 914 1516 Scipionem
929 1432 1071 1511 accedit,
1085 1449 1229 1516 eumque

127 1537 242 1614 docet,
266 1540 356 1600 ‘rem
378 1535 449 1600 sine
464 1534 565 1599 modo
581 1553 622 1598 ac
638 1535 801 1599 modestia
817 1535 881 1616 agi,
898 1553 937 1598 ac
959 1553 1064 1618 prope
1086 1554 1175 1612 esse,
1190 1539 1231 1598 ut

126 1657 249 1705 manus
266 1639 353 1704 inter
368 1659 406 1703 se
421 1647 610 1703 conserant.
655 1636 823 1717 Ceterum,
845 1638 978 1701 etiarnsi
996 1637 1049 1700 vie
1063 1637 1164 1714 absit,
1179 1639 1230 1702 ni·
1308 1695 1312 1703 .

126 1741 313 1806 nilominus
328 1739 518 1806 detestabili
533 1739 690 1824 exemplo
705 1759 773 1804 rem
790 1740 868 1822 agi;
890 1742 1018 1825 quippe
1032 1739 1091 1803 ubi
1112 1739 1230 1804 fraude

127 1847 172 1908 uc
194 1842 340 1928 perjurio
360 1843 465 1908 decus
483 1847 617 1927 petatur
636 1843 777 1908 virtutis.
822 1841 919 1908 Stare
938 1842 1016 1906 hinc
1034 1842 1230 1924 legionarios

127 1945 269 2024 milites,
280 1945 358 2010 hinc
371 1946 544 2022 classicos,
559 1963 619 2028 per
635 1965 750 2010 omnes
766 1946 860 2010 Deos
875 1953 1011 2030 paratos
1019 1943 1145 2026 jurare,
1161 1963 1230 2010 ma·

128 2049 184 2132 gis
197 2068 275 2134 quae
292 2049 408 2127 velint,
424 2067 525 2133 quem
546 2067 624 2131 quae
646 2047 767 2125 sciant,
781 2067 863 2113 vem
876 2067 963 2126 esse,
978 2053 1013 2112 et
1026 2047 1232 2131 obstringere

127 2151 275 2236 pep'urio
290 2171 357 2216 non
373 2171 410 2215 se
425 2152 714 2235 solumsuumque
738 2159 856 2236 ceput,
876 2152 936 2215 sed
955 2152 1053 2234 signa
1066 2150 1232 2216 militaria

127 2265 165 2319 ct
177 2251 336 2339 equilusq
357 2253 620 2336 sacramentique
635 2251 836 2334 religionem.
881 2252 970 2318 Haec
985 2272 1024 2318 se
1040 2253 1084 2318 ad
1099 2274 1174 2319 eum
1189 2253 1231 2317 de

130 2357 299 2420 sententia
311 2355 352 2419 P.
365 2353 510 2420 Cornelii
522 2362 557 2419 et
572 2353 621 2417 Μ.
638 2353 827 2438 Sempronii
844 2355 1001 2420 deferre-²
1019 2356 1150 2441 Scipio,
1160 2356 1232 2421 col-

128 2459 271 2524 laudato
290 2459 411 2536 Laelio,
427 2460 471 2524 ad
487 2459 685 2523 concionem
700 2458 905 2536 advocarit„
926 2461 1231 2543 pronuntiavitque,

129 2561 199 2627 ‘Se
214 2563 299 2629 setis
324 2571 533 2647 compertum
549 2561 681 2643 habere,
698 2560 743 2641 Q.
759 2561 963 2629 Trebellium
979 2570 1014 2629 et
1036 2563 1118 2628 Sex.
1134 2563 1231 2648 Digi-

590 2746 773 2769 eumaem

130 2862 199 2913 dnm
213 2859 504 2913 Gron.crer.-11Al.
518 2864 662 2921 admi-r
672 2863 714 2915 Ar.
725 2865 757 2915 nd
771 2864 903 2915 eosdm
917 2862 1026 2923 noemin
1042 2868 1072 2913 et
1086 2862 1164 2927 penlo
1175 2868 1234 2926 port

640 3054 750 3108 NO'l'lE

133 3152 177 3201 lex
191 3152 314 3203 convenit
328 3153 458 3219 quomodo
471 3168 519 3219 per
534 3154 665 3219 recipere·
738 3155 935 3220 ”Quodumtil
959 3154 999 3203 Ex
1017 3153 1081 3203 Pet.
1098 3157 1149 3218 ert,
1166 3151 1235 3201 eliis·

76 3274 78 3279 .
135 3229 667 3295 toresreddanrnrres,reciperenturque:
706 3246 756 3296 que
778 3231 928 3292 veteribur3
953 3220 1018 3280 elles
1034 3226 1132 3280 edmeri.
1164 3228 1236 3278 Illud

134 3308 236 3372 (idest,
249 3307 450 3373 recuperentur)
460 3316 468 3338 ‘
479 3320 571 3373 resque
580 3308 666 3371 prire-
706 3309 804 3358 rectius
817 3308 929 3361 ridetur.
964 3308 1001 3358 lli
1010 3308 1079 3357 eninr
1091 3312 1169 3357 entre
1177 3322 1236 3372 per·

135 3392 177 3433 tes
185 3386 258 3434 inter
268 3398 297 3434 se
308 3382 513 3449 persequentur-¹
538 3384 608 3435 Hinc
621 3398 667 3448 pe·
706 3385 770 3434 tlrrrn
783 3385 873 3450 duces,
883 3400 942 3435 errnr
959 3384 1033 3434 initio
1044 3383 1167 3434 edereent
1176 3397 1236 3433 con·

136 3468 175 3511 tet
188 3460 257 3527 qued
275 3462 349 3511 initio
365 3460 445 3511 luerit
459 3467 667 3523 recuperatorum
707 3459 884 3526 tendentibnr,
906 3468 933 3511 et
955 3461 1024 3511 niter
1044 3460 1236 3510 clemierioruru

135 3546 238 3593 munus,
261 3550 318 3601 qure
339 3538 448 3587 nominis
467 3551 556 3586 eorum
583 3538 665 3601 origo.
706 3536 827 3601 rnilitum,
839 3540 906 3588 alter
920 3538 1115 3602 legionariorum
1133 3549 1236 3585 censens

136 3613 398 3679 Portengenereliter
406 3622 602 3677 recuperatores
611 3615 666 3664 dic·
706 3612 845 3677 iorereut3
871 3623 1027 3665 nontamen
1049 3616 1087 3663 ite
1106 3613 1237 3663 mordiens

136 3690 157 3741 ti
175 3704 330 3755 secessores,
345 3690 398 3739 rire
408 3690 526 3754 judices,
545 3690 589 3755 qui
608 3704 666 3740 eum
706 3690 876 3741 adherebunt
897 3692 966 3755 perti
989 3691 1098 3756 qnirqne
1122 3705 1185 3750 suu,
1207 3697 1236 3738 nt

135 3768 292 3831 magistrum
303 3780 384 3829 penes
395 3778 470 3831 quem
482 3773 539 3816 eret
545 3766 666 3830 jurisdic-
707 3782 758 3817 non
770 3767 850 3818 etiem
860 3768 947 3818 etndle
963 3781 1066 3817 suornm
1077 3766 1236 3816 anctoritate

137 3844 187 3906 tio,
205 3842 232 3892 in
250 3843 389 3907 provinciis
406 3857 495 3893 cernue
514 3842 606 3892 dubles
619 3842 668 3894 dir·
708 3856 755 3893 ene
772 3851 965 3908 temperarent:
992 3843 1029 3893 At
1048 3858 1117 3893 nuuc
1133 3842 1236 3905 judicer

135 3917 299 3983 eeptebentr
324 3918 363 3969 sic
381 3918 456 3977 dicti,
474 3918 544 3983 quod
560 3932 607 3984 per
625 3933 669 3968 eor
708 3920 781 3976 fecti,
799 3921 868 3984 pnrtl
882 3921 995 3985 utrique,
1007 3928 1128 3983 tunquam
1145 3918 1238 3966 ablutio

135 4008 213 4045 curun
241 3996 349 4061 quisque
375 4004 554 4061 recuperaret.
598 3996 668 4046 Vide
709 3996 829 4059 ducibus,
846 3996 953 4045 liberem
974 3993 1154 4059 relinquebant
1168 3990 1238 4042 iuter

136 4072 252 4135 l'neoplr.
265 4072 352 4122 luerit.
709 4088 737 4123 re
749 4074 845 4124 acriter
856 4072 1025 4123 concertandi
1035 4071 1196 4121 fucultatem.

170 4156 183 4183 ο
207 4134 336 4199 sima·
353 4150 431 4214 pam
450 4150 584 4215 annau]
609 4150 669 4203 rna
740 4150 1024 4213 enumerarem
1037 4147 1173 4212 eoem]
1189 4148 1238 4199 ru·

137 4222 251 4273 diximus
278 4240 323 4274 ens
347 4239 437 4275 omnen
461 4228 586 4276 ndnoentor
608 4228 668 4277 olim
709 4236 829 4281 remente
839 4228 948 4277 militurn
959 4224 1029 4290 npn'd
1038 4226 1137 4291 equilen
1149 4232 1177 4274 et
1188 4226 1237 4288 etg-

137 4300 226 4351 rlietoe
236 4302 281 4365 qui
291 4301 374 4351 emico
384 4300 410 4351 in
421 4316 499 4353 ceum
511 4302 619 4353 ederent
630 4302 670 4352 of·
709 4318 754 4366 ne,
771 4304 925 4370 imaginibus
940 4302 1058 4353 Deorum
1072 4309 1237 4365 conmenta,

138 4376 192 4427 deli
211 4390 298 4436 mure,
320 4378 436 4429 diversor
456 4394 471 4429 e
491 4382 607 4445 petronis
626 4379 670 4445 qui
710 4381 818 4433 debent.

139 4468 243 4503 censum
255 4454 376 4517 egebunt.
