3259 5225
479 581 554 630 ura.
578 581 724 632 xxvur.
748 582 831 632 can.
853 568 886 633 5.
1144 570 1231 636 2397

126 725 232 809 ginta,
249 725 509 794 transmisemnt.
553 727 597 793 Et
611 728 805 814 Philippus,
827 735 873 808 ut,
889 747 951 794 seu
967 735 1055 794 terra
1068 747 1130 796 sen
1144 732 1230 797 meri

126 829 267 896 obviam
286 829 433 895 eundum
446 830 534 896 hosti
548 830 644 910 foret,
661 839 798 915 paratus
813 832 856 897 ad
878 851 994 898 ornnes
1014 839 1156 898 conatus
1175 854 1230 899 es·

124 939 193 1012 set,
208 934 283 1017 ipse
300 933 549 998 Demetriadem
565 933 607 998 ad
623 953 712 998 mare
733 933 927 999 descendit:
951 933 1123 1000 Larissam
1139 935 1228 1002 diem

124 1034 171 1099 ad
194 1033 461 1101 conveniendum
477 1035 638 1100 exercitui
653 1034 774 1100 edixit.
819 1034 978 1121 Undique
993 1037 1037 1101 ab
1052 1038 1156 1102 sociis
1178 1038 1227 1103 le·

123 1139 274 1220 gationes
287 1137 535 1204 Demetriadem
547 1138 591 1202 ad
602 1139 726 1204 lamam
741 1137 830 1220 regis
846 1147 1077 1205 courenemnt.
1108 1140 1228 1206 Sustu-

122 1239 230 1305 lerant
243 1243 331 1306 euim
347 1242 477 1306 animos
492 1240 609 1317 AEtoli,
625 1259 700 1304 cum
715 1241 758 1304 ab
776 1238 934 1305 Romano
949 1241 1136 1320 societater
1156 1251 1226 1308 tum

121 1349 207 1425 post
221 1343 327 1410 Attali
342 1343 535 1421 adventurn,
550 1342 778 1426 finitimosque
794 1342 1091 1427 depopulabantur.
1147 1344 1182 1410 N
1184 1365 1225 1410 ec

120 1442 320 1511 Acarnanes
342 1448 450 1511 solum
474 1445 660 1530 Boeotique
682 1455 716 1512 et
737 1446 796 1531 qui
823 1445 990 1512 Euhoeam
1016 1447 1168 1513 incolunt
1191 1451 1225 1512 iu

118 1567 244 1631 magno
263 1557 355 1614 metu
375 1554 486 1629 erant3
509 1548 568 1612 sed
584 1546 705 1616 Achaei
721 1568 870 1634 quoque,
885 1568 969 1633 quos
984 1569 1086 1633 super
1100 1550 1224 1616 AEtoii·

120 1669 201 1716 cum
231 1653 354 1717 bellum
378 1649 602 1716 Machanidas
626 1653 727 1718 etiam
751 1651 1030 1717 Lacedaemonius
1052 1657 1222 1736 tyranms,

118 1753 215 1817 haud
229 1753 349 1838 procul
361 1752 584 1836 Argivorum¹
598 1755 686 1820 linel
700 1755 821 1839 positis
834 1755 966 1833 castris,
978 1755 1136 1820 terrebat.
1169 1755 1221 1821 Hi

117 1874 250 1936 omnes,
269 1859 341 1922 suis
362 1857 504 1940 quisque
524 1857 675 1936 urbibus,
689 1877 766 1942 quae
787 1857 942 1942 pericula
962 1864 1049 1924 terra
1069 1857 1221 1943 marique

116 1954 423 2042 portendebantur,³
439 1965 675 2034 memorantes,
691 1958 820 2024 auxilia
833 1980 943 2043 regern
960 1959 1112 2025 orabant.
1137 1958 1221 2025 Ne⁴

117 2079 168 2125 ex
189 2079 289 2144 regno
311 2059 445 2144 quidem
468 2060 576 2144 ipsius
598 2061 810 2146 tranquillaa⁵
832 2064 1071 2128 nuntiabantur
1091 2081 1164 2128 res:
1186 2069 1221 2128 et

115 2165 360 2230 Scerdilaedum
371 2161 386 2203 ⁶
399 2165 660 2248 Pleuratumque
675 2170 787 2230 motos
801 2186 888 2243 esse,
900 2172 935 2231 et
944 2166 1113 2250 'l'hracupr
1124 2185 1219 2232 max·

114 2267 186 2331 ime
198 2265 384 2345 Maedos,⁷¹
399 2267 429 2330 si
444 2267 537 2352 quod
552 2267 769 2351 longinquum
783 2269 905 2334 bellum
921 2289 1033 2352 regem
1048 2289 1218 2353 occupas·

114 2373 183 2446 set,
205 2370 362 2454 proxima
384 2369 599 2435 Macedoniae
621 2369 831 2436 incursuros.
876 2372 993 2438 Boeoti
1008 2372 1167 2457 quidem⁸
1182 2380 1217 2439 et

113 2472 311 2538 interiores⁹
331 2471 477 2540 Graeciae
500 2473 629 2558 populi,
650 2473 953 2558 Thermopylarum
983 2475 1134 2555 saltum:
1159 2477 1217 2542 uhi

575 2656 758 2679 000ΗοΜο

146 2778 161 2823 1
180 2772 251 2825 Olim
267 2771 402 2838 legebatur
416 2772 445 2822 si
457 2772 587 2823 aomar·
596 2774 742 2823 mirtsters.
777 2771 861 2823 ‘Veh
870 2770 916 2823 lto.
932 2772 963 2822 sb
973 2773 1082 2824 mma
1091 2774 1215 2827 morsu.-

110 2845 176 2888 nota
186 2838 290 2890 dicendi
301 2837 384 2888 forms
394 2838 453 2889 est!
463 2836 598 2899 sagea-a
615 2838 767 2901 ‘Argeorsm
779 2839 894 2887 Rheusui
906 2838 938 2888 sb
949 2838 1095 2903 ineptieute
1107 2840 1213 2893 librario

99 2906 155 2953 sel
175 2912 322 2953 correctore
341 2902 400 2953 est!
419 2904 448 2953 J.
462 2904 490 2953 F.
503 2904 626 2953 Gran-³
644 2904 848 2953 Portesdererstsr
874 2904 957 2954 Grou.
975 2904 1052 2953 Cres.
1072 2905 1213 2969 Desist-

108 2974 126 3017 4
138 2969 173 3019 ln
188 2968 469 3018 Edd.orou.1oos.er
481 2968 588 3031 Doojst.
600 2974 698 3018 aereo
711 2971 719 2997 ⁴
732 2969 794 3018 Mas.
806 2969 854 3032 ipsi
864 2974 891 3017 at
902 2969 1045 3031 trssqsiltae.
1078 2969 1157 3033 Lege.
1165 2970 1213 3033 ipsi

107 3041 149 3082 sut
161 3032 313 3097 hmpailloed
328 3032 355 3083 J.
367 3034 395 3082 ll.
409 3032 539 3082 droa-o
556 3032 588 3081 In
600 3032 666 3081 Edd.
682 3040 744 3083 aute
762 3034 846 3083 Grau.
865 3034 1007 3082 Sceditetsrss
1017 3034 1211 3098 letmpas.

109 3103 159 3147 -7
177 3098 249 3149 Olim
262 3097 547 3161 regeneratorem-e
564 3098 625 3147 Vet.
645 3096 705 3148 libr.
731 3098 812 3147 Boeoti
830 3099 924 3161 qaiderrs
941 3098 998 3161 ipsi,
1014 3100 1057 3162 dyc.
1089 3098 1147 3148 ‘'lh
1163 3100 1212 3162 s‘pss'

107 3177 200 3212 ornnes
213 3163 303 3228 scripti
323 3161 460 3226 ignorant?
474 3164 502 3211 J.
514 3162 543 3211 P.
557 3162 683 3212 Greia-9
697 3164 706 3191 ⁴
719 3162 772 3213 Pro
790 3163 918 3212 tarnum
933 3163 1032 3213 mavult
1048 3162 1075 3215 J·
1085 3164 1116 3214 P.
1127 3164 1211 3214 Grou.

107 3228 251 3288 interioriar
267 3236 296 3279 et
316 3229 355 3279 sic
372 3228 470 3293 legitur
489 3240 590 3293 quoqne
609 3228 635 3277 iu
653 3226 721 3278 Edd.
743 3226 864 3278 Francos.
882 3228 944 3277 anui
960 3225 1041 3280 16783
1058 3228 1211 3293 Baetin.-

605 3374 714 3427 Now

139 3469 312 3533 *Argisorass
319 3469 385 3536 stae]
403 3469 466 3521 Pisa
476 3484 523 3535 pro
533 3467 637 3522 linibus.
677 3472 764 3523 OEtarn
783 3478 897 3522 montem
909 3478 937 3522 et
952 3470 1036 3523 sinum
1047 3472 1210 3525 Maliacum

139 3546 272 3611 Ἠσαίου]
290 3547 385 3611 Populi
401 3545 492 3609 Mardi,
510 3561 526 3596 a
544 3546 637 3612 quibus
678 3546 779 3598 duobus
789 3548 1210 3613 montiumjugis,hincCsllidro·

104 3624 225 3675 Meuius
252 3622 332 3689 regio,
359 3622 463 3674 diversa
488 3639 505 3673 a
537 3623 638 3675 Marsis.
676 3622 951 3688 mo,inde'l¹ychionte
962 3624 1105 3688 sepiuntur.
1133 3626 1208 3690 Pyla

103 3698 211 3751 lilaedos
228 3700 344 3751 'l'hrseia
362 3701 482 3764 populos,
499 3701 639 3751 contermi·
678 3699 755 3751 dictas
771 3710 840 3762 suut,
855 3714 903 3751 seu
920 3707 1013 3765 porta,
1023 3699 1092 3783 quod
1108 3701 1207 3766 ingres·

103 3792 153 3827 nos
176 3775 307 3827 Dardanis
329 3775 394 3827 lacit
416 3776 510 3827 Strabo
528 3778 573 3828 lih.
585 3791 636 3828 vu.
676 3792 731 3828 sum
749 3776 886 3840 prebeant
906 3784 1040 3841 portarurn
1056 3776 1156 3827 instare
1179 3784 1208 3827 et

103 3854 141 3904 Et
163 3868 228 3903 sera
248 3854 317 3903 ultrs
341 3850 447 3903 flurium
472 3854 636 3918 Strymonem
675 3851 1206 3919 serosaepiuarnorointercluasefueront

102 3937 189 3981 erant.
222 3929 292 3979 Vide
307 3942 387 3992 suprs
403 3928 574 3995 Jsurphorina
590 3931 635 3983 lib.
675 3931 708 3981 ad
736 3929 863 3981 arcendos
890 3930 987 3979 hostes.
1024 3928 1205 3994 Thermopylas

101 4020 183 4057 xxva.
196 4010 273 4055 cho·
674 4014 760 4057 autern
773 4002 1069 4071 appellatasohsiclnas
1084 4004 1205 4069 thermas,

74 4093 79 4101 ’
145 4090 156 4117 ¹
184 4080 392 4145 Thermopylarum
416 4082 514 4148 sultam]
546 4083 634 4135 Greci
674 4084 764 4145 idest,
781 4083 867 4134 calida
883 4082 998 4131 lasscrs.
1030 4079 1110 4131 Nunc
1128 4080 1204 4132 ltalia

100 4158 290 4221 Thermopylas
300 4156 463 4220 appellarunt
480 4156 567 4207 larices
578 4160 633 4209 sire
674 4168 800 4211 secantur
817 4160 897 4209 Borea
906 4158 932 4207 di
946 4158 1024 4220 Lupo,
1034 4156 1136 4208 Graecis
1152 4158 1203 4223 Ly·

100 4234 244 4299 angustias,
262 4234 357 4298 quibus
379 4246 413 4282 ea
434 4234 552 4284 Helladis
574 4250 632 4299 pro·
671 4241 783 4285 cortona.
799 4232 1204 4297 llnsngusussrreeeurispar-

98 4311 184 4361 vincla
196 4309 307 4361 Locride
322 4308 349 4359 iu
366 4309 542 4361 Phthiotidem
553 4314 631 4364 Thea·
672 4312 737 4374 tani,
748 4308 863 4359 Leonida
874 4309 949 4364 duce,
960 4307 1084 4358 adeamus
1094 4310 1202 4360 immers-

99 4390 170 4438 salire
188 4387 274 4437 aditus
292 4392 377 4449 patet,
397 4400 448 4435 uon
466 4388 534 4437 ultra
551 4389 631 4454 pedes
671 4405 712 4440 sar
733 4389 830 4440 Xerxis
858 4387 994 4437 Persarum
1020 4386 1090 4451 regis
1111 4388 1201 4452 copisa

99 4465 214 4531 quinque
231 4468 259 4513 et
269 4462 362 4526 viginti
378 4464 457 4513 latus.
491 4463 542 4514 lle
562 4466 631 4517 inter
671 4472 878 4532 propugnarunt,
893 4463 977 4513 donec
991 4460 1048 4511 rita
1062 4462 1199 4528 superfuit.
