3259 5225
504 457 578 509 ata.
602 452 716 505 xxvi.
739 457 821 504 oar.
846 457 870 504 1.
1149 439 1237 506 2165

170 633 240 670 mam
252 616 344 668 venit:
362 632 393 668 eo
404 631 467 668 rero
478 617 586 666 absente
596 616 739 666 Mareellua
749 614 851 679 collega
861 613 924 664 nibil
939 627 967 666 ae
978 611 1011 664 da
1030 627 1060 664 re
1072 613 1175 678 publica
1192 623 1238 668 ant

100 726 103 731 ⁴
171 700 445 766 provinciiraetnrum
461 697 606 763 profitetur.
632 702 674 748 at.
686 697 840 748 Incendium
859 697 949 747 Romae
967 696 1050 748 oritur
1063 696 1202 749 conflatum
1221 715 1238 750 a

171 781 314 844 Campania
326 779 478 845 juvenibur,
488 794 597 845 quornm
610 785 732 842 parentet
743 795 760 828 a
769 779 804 832 Q.
821 778 910 828 Fuluio
920 779 1004 828 securi
1020 786 1096 829 erant
1112 783 1238 842 percurri·

171 863 366 925 Campanorum
384 861 583 924 Siculorumque
604 861 684 922 legati
698 860 803 908 Romam
814 859 922 909 veniunt
932 861 1050 925 questuri
1066 860 1099 910 de
1111 861 1194 912 Fulvii
1209 869 1238 914 et

170 941 295 992 Marcelli
316 941 481 991 crudelitate.
523 946 565 992 28.
592 940 675 992 Novia
696 940 890 1003 magistratibus
908 939 1050 1005 provincia
1070 941 1238 1008 legionesque

170 1023 359 1072 decernuntur.
396 1027 438 1072 29.
454 1021 680 1073 Siciliablarcello
690 1027 718 1071 et
728 1022 807 1071 ltalia
820 1021 925 1072 barino
937 1021 1044 1084 evenit3
1061 1023 1106 1072 aed
1117 1025 1237 1077 consuler

170 1111 325 1168 permutant
345 1105 502 1168 provinciaa,
520 1105 584 1154 moti
601 1104 715 1170 querelir
724 1103 882 1154 Siculorum·
913 1107 954 1154 tu.
971 1103 1007 1154 Hi
1019 1104 1046 1154 in
1057 1113 1149 1156 renutu
1160 1120 1238 1157 aecu-

170 1194 232 1234 aant
243 1186 405 1238 Marcellum.
438 1189 481 1236 31.
496 1185 524 1234 Ir
535 1184 686 1249 reapoudet.
719 1188 762 1234 aa.
777 1184 821 1234 Illi
834 1185 945 1249 benigne
957 1184 991 1235 ab
1002 1185 1050 1235 boe
1061 1186 1238 1253 Patribuaqne

172 1267 340 1329 appellantur
359 1274 387 1316 et
403 1266 579 1316 dimittuntur.
607 1271 649 1316 33.
665 1266 856 1329 Campanorum
873 1267 958 1317 oratio
976 1266 1002 1316 iu
1019 1275 1110 1316 acuatu
1131 1269 1238 1318 mirera·

171 1347 249 1397 bilior
260 1347 399 1412 duriorque
411 1361 497 1397 canna
532 1352 574 1398 St.
592 1344 635 1397 Ob
651 1347 759 1397 decreta
770 1352 876 1397 tenatur
886 1346 913 1397 in
924 1346 1033 1397 familiae
1044 1349 1157 1413 ningulaa
1167 1349 1239 1401 faeta

171 1430 315 1478 maestiores
334 1430 476 1494 aliquanto,
499 1443 574 1494 qnam
596 1427 705 1478 Romam
728 1441 834 1490 venere,
852 1427 999 1479 diocedunt.
1043 1430 1083 1479 at.
1107 1431 1237 1483 Quoniam

170 1511 291 1574 pecnnia
306 1509 370 1563 nibil
386 1518 428 1560 eat
438 1511 465 1560 in
483 1511 587 1572 erario,
603 1510 699 1574 privati
710 1524 743 1560 ex
753 1524 834 1560 cemu
845 1508 1029 1576 ordinibuaqne
1046 1511 1158 1576 remiget
1172 1513 1237 1564 dare

170 1605 232 1639 euna
251 1590 382 1654 atipendio
393 1591 548 1656 cibariisque
561 1590 704 1656 jubentur;
721 1591 789 1656 qnod
800 1592 937 1654 egerrime
949 1590 1038 1642 ferunt
1048 1593 1179 1644 hominen:
1196 1598 1238 1646 Sd.

171 1671 218 1720 aed
231 1673 339 1722 Patrunr
351 1672 471 1736 exemplo
482 1673 582 1723 incitati
591 1671 714 1723 certatim
727 1679 978 1738 aurum‚argentum,
987 1679 1014 1723 et
1024 1686 1060 1724 aa
1069 1675 1096 1722 in
1105 1673 1237 1738 publicum

169 1753 319 1804 conferunt.

66 1843 75 1858 ·
136 1834 179 1883 47.
209 1835 348 1884 l'oenorum
370 1835 593 1899 Romanorumque
611 1849 708 1899 ancepr
729 1849 790 1898 aper
812 1849 843 1885 ac
866 1841 960 1895 metue,
987 1833 1097 1885 adverae
1117 1836 1238 1887 secundia

171 1925 294 1981 aequante
301 1915 415 1966 fortuna.
448 1919 489 1966 48.
508 1915 625 1967 Arantia
639 1924 668 1966 et
677 1916 834 1966 crudelitate
846 1915 1002 1967 Hannibalis
1011 1917 1192 1968 abalienantur
1203 1917 1237 1968 ab

170 2011 204 2047 eo
214 1997 340 2048 rociorum
352 1997 447 2058 animi;
463 2006 491 2046 et
511 1997 617 2062 Salapia
628 2013 687 2048 cum
704 1998 825 2062 prasidio
841 1998 941 2048 Punico
953 1997 1080 2049 Marcello
1091 1999 1238 2062 proditura

170 2077 281 2134 Blattio,
297 2076 377 2126 Dario
396 2079 572 2142 nequicquam
587 2085 761 2142 repugnante.
794 2082 835 2128 39.
852 2077 947 2127 Claario
959 2077 1077 2126 Romana
1093 2079 1125 2126 ab
1137 2079 1237 2143 Rhegio

171 2157 294 2223 profecta
304 2157 410 2223 fugatur
425 2159 607 2209 a'larcntina:
625 2159 658 2207 ad
675 2159 816 2209 Tarentum
833 2173 895 2209 veru
906 2159 936 2208 C.
948 2159 1096 2223 Pertina‚a
1111 2159 1151 2209 bl.
1162 2159 1237 2212 Livio

170 2255 206 2289 ea
218 2253 277 2290 arca
292 2240 410 2297 eminane,
430 2239 526 2303 paarlm
547 2238 628 2289 credit
645 2239 735 2290 hortea
745 2253 795 2304 per
810 2253 887 2304 aqror
897 2241 1025 2304 palantes.
1058 2243 1100 2290 tu.
1116 2240 1238 2292 barriunt

170 2319 308 2383 Syracusio
320 2320 452 2385 componit
462 2333 515 2382 rea,
527 2327 556 2370 at
566 2321 675 2383 plurima
685 2320 783 2372 Sicilia
794 2320 893 2385 oppida
903 2321 929 2370 in
941 2321 1067 2372 ditionem
1079 2321 1156 2372 Rom.
1168 2321 1237 2372 redi·

170 2403 219 2466 git,
236 2402 263 2451 in
285 2401 325 2452 laia
342 2401 531 2466 Agrigentum
554 2401 677 2452 traditum
696 2402 722 2452 el
743 2417 759 2452 a
777 2403 891 2462 Mutine,
909 2403 1078 2456 Numidarum
1097 2403 1174 2468 duce,
1194 2403 1238 2454 cni

169 2484 265 2534 Hanno
276 2483 411 2532 invidebat
421 2482 528 2547 gloriam
539 2483 601 2532 belli
612 2483 784 2549 injuriamque
801 2484 935 2533 intulerat.
1216 2477 1217 2482 ¹

136 2570 179 2616 tt.
196 2565 230 2615 ln
245 2563 374 2628 Hispania
387 2565 419 2615 P.
429 2563 519 2629 Scipio
535 2565 650 2615 oratione
661 2563 784 2615 accendit
794 2563 908 2615 militum
918 2565 1027 2616 animoa.
1059 2569 1102 2617 44.
1118 2567 1182 2617 Turn
1195 2579 1240 2617 eo·

169 2648 228 2712 piar
241 2647 339 2711 trajicit
349 2646 501 2710 Iberum,et
512 2646 697 2710 carthaginem
709 2646 810 2696 Noram
823 2660 975 2711 oppugnare
990 2648 1095 2709 statuit,
1107 2647 1196 2698 urbem
1209 2648 1237 2699 in

168 2729 270 2778 tamulo
292 2727 325 2778 ad
342 2728 424 2777 ainnm
445 2728 523 2777 maria
540 2728 628 2778 aitam.
671 2730 713 2777 48.
739 2727 803 2791 Ejnr
826 2727 959 2791 potiundae
981 2742 1054 2792 apem
1075 2729 1237 2780 cohortando

167 2809 297 2859 militibus
313 2808 385 2858 facit.
430 2813 472 2859 44.
489 2813 531 2858 45.
549 2807 668 2872 Romani,
687 2809 807 2872 exemplo
825 2814 852 2857 ct
870 2807 1017 2857 hortatione
1033 2809 1106 2859 dneia
1125 2810 1237 2871 incitati,

168 2906 271 2940 anmrna
282 2890 348 2939 illurn
360 2890 395 2947 ri,
405 2889 452 2939 aed
468 2888 564 2939 frnotra
575 2888 760 2953 aggrediuntur
772 2896 854 2939 terra.
884 2892 926 2939 46.
944 2888 982 2938 At
993 2904 1040 2953 per
1051 2898 1170 2954 atagnum
1181 2891 1237 2942 tine

169 2972 313 3020 certamine
324 2972 445 3031 intratur,
453 2976 481 3019 et
498 2985 558 3020 moa
573 2978 629 3020 tuna
640 2970 705 3034 ipra,
717 2977 772 3020 tum
783 2984 840 3033 arx,
852 2984 867 3019 a
878 2970 992 3032 Magone
1007 2969 1107 3033 dedita,
1122 2972 1236 3036 capitur.

169 3056 214 3100 47.
230 3051 353 3101 Victorea
364 3050 453 3114 prada
463 3050 564 3114 ingenti
582 3050 665 3101 omnir
684 3050 788 3114 generi·
805 3050 949 3114 potiuntur.
979 3054 1021 3101 48.
1037 3051 1146 3113 Militat,
1158 3058 1237 3118 prout

169 3132 267 3195 coique
278 3131 399 3181 meritum
412 3132 544 3195 rirtaaqne
556 3129 616 3188 fnit,
631 3130 769 3181 donantur.
801 3134 844 3183 ao.
862 3130 952 3195 Scipio
970 3130 1072 3182 obsideo
1088 3133 1236 3185 ciuitatium

169 3212 306 3275 Hlapanian
316 3212 369 3261 auia
386 3213 510 3275 restitnit,
522 3212 692 3278 precibnaqne
704 3212 790 3261 naoria
801 3212 937 3263 Mandonii
953 3221 1038 3263 mutua
1049 3228 1138 3263 curam
1154 3213 1236 3264 fremi-

167 3308 261 3343 narum
276 3294 417 3343 committit
433 3294 490 3343 tiro
505 3302 632 3359 epectataa
651 3292 820 3358 integritatis.
851 3297 894 3343 50.
910 3292 1010 3343 Reddit
1030 3308 1150 3358 aponoam
1163 3296 1237 3346 Allu-

169 3376 220 3431 cio,
235 3374 346 3439 principi
357 3375 559 3437 celtiberornm,
570 3376 615 3441 qni
636 3376 714 3425 letne
732 3374 834 3425 domum
854 3374 972 3425 dinirour
983 3389 1044 3425 mox
1061 3390 1119 3425 cum
1131 3374 1237 3427 delecta

168 3457 288 3520 equitnm
298 3470 376 3505 manu
387 3456 505 3505 revertit.
531 3460 572 3506 tt.
590 3455 680 3521 Copia
692 3456 747 3519 ejna
756 3455 860 3505 navales
869 3454 1057 3519 pedestresque
1068 3464 1235 3522 exercentur,

167 3546 196 3588 at
207 3547 294 3601 capta
312 3537 383 3587 urbia
394 3537 460 3587 muri
472 3536 631 3601 reficiuntur,
644 3538 845 3587 armamentaria
855 3543 951 3594 autem,
962 3534 1081 3594 officina,
1094 3544 1121 3587 et
1132 3538 1236 3587 navalia

169 3628 292 3683 atrepunt
311 3626 439 3683 apparatu
459 3618 530 3669 belli.
573 3618 623 3668 Hir
645 3617 772 3668 ordinatis
791 3618 975 3682 dirpoaitieque
996 3617 1124 3681 presidiir
1146 3618 1235 3683 Scipio

165 3702 340 3752 Tarraconem
353 3700 430 3759 redit,
442 3715 493 3767 quo
501 3699 675 3765 legationibus
684 3700 816 3766 indiaque
828 3698 948 3750 edixerat
958 3705 1124 3750 conventum.

133 3958 167 4024 1.
185 3931 267 4024 Cn.
280 3958 1233 4045 animumanimumumSulpiciusGalbaconsu-

132 4062 199 4143 les,
210 4084 288 4129 cum
298 4063 410 4130 idibus
422 4062 557 4130 Martiis
567 4064 796 4147 magistratum
807 4060 978 4145 inissent,'
990 4068 1110 4129 senatu
1120 4062 1155 4125 in
1165 4059 1231 4125 Ga·

630 4226 739 4280 NOTAE

574 4346 590 4375 ·
606 4342 640 4395 a,
651 4344 685 4393 u.
696 4344 727 4395 c.
737 4318 794 4395 aaa.
