3259 5225
533 507 604 554 urs.
628 504 831 556 xxv.·cnr.
851 487 907 555 36.
1177 488 1264 556 2147

164 649 280 713 tremt
301 652 350 726 nt,
362 649 393 714 si
407 649 592 735 prohibere,
604 670 673 736 quc
683 649 796 716 minus
814 648 850 714 in
864 667 967 715 unum
977 647 1103 716 coirent
1114 653 1149 716 et
1159 648 1263 716 duces

164 757 202 816 st
222 752 392 818 exercitus
414 752 571 831 huetium,
600 773 669 820 nun
697 748 827 837 possm,
846 753 923 837 ipse
951 753 1038 847 certe
1063 771 1140 818 cum
1161 751 1263 818 fratre

165 850 381 940 cunjungeret
400 857 540 941 cupias?
581 857 650 923 His
668 857 793 923 anxius
806 857 897 922 curis
911 855 948 920 id
961 854 1062 922 mcdc
1076 873 1153 920 esse
1171 856 1264 920 salu·

165 964 242 1022 tare
256 959 290 1022 iu
308 977 460 1041 presens
473 959 641 1041 credebat,
662 961 780 1027 cedere
791 959 881 1037 inde,
896 965 1058 1044 quantum
1073 963 1205 1042 posset:
1228 964 1265 1021 et

164 1058 247 1125 inde
259 1068 270 1098 ¹
291 1079 359 1126 nna
375 1069 487 1141 nocte,
500 1063 624 1147 ignaris
637 1062 789 1128 hostibus
802 1069 838 1128 et
852 1061 898 1127 cb
911 1061 946 1126 id
961 1061 1095 1145 qnietis,
1110 1059 1263 1145 aliqnan-

164 1166 237 1227 tum
250 1183 405 1230 emensus
416 1173 469 1231 est
482 1166 556 1232 iter.
599 1165 705 1244 Luce,
723 1171 761 1231 nt
779 1170 979 1230 senserunt·
1000 1163 1171 1247 protectus
1184 1163 1263 1230 hos·
1379 1195 1385 1208 ·

165 1271 234 1343 tes,
245 1267 432 1351 praemissis
448 1268 616 1346 Numidis,
636 1287 738 1353 qnam
751 1272 908 1352 poterunt
922 1265 1069 1332 maxime
1083 1267 1193 1332 'citato
1203 1286 1262 1350 ag·

162 1363 257 1432 mind
264 1369 361 1452 sequi
376 1376 570 1455 coeperunt:
590 1376 669 1436 ante
679 1361 811 1435 noctem
822 1369 972 1435 assecuti
989 1367 1161 1447 Numidae,
1174 1387 1262 1435 nunc

162 1471 211 1534 ab
232 1478 337 1554 tergo,
363 1492 450 1538 nunc
470 1474 504 1538 in
531 1472 640 1538 tatere
659 1473 893 1538 uouemus*
937 1470 1128 1537 Consistere
1146 1490 1262 1556 ccepe-
1354 1465 1355 1468 ’

162 1580 253 1649 runt,
275 1593 317 1639 ac
337 1576 439 1640 tutari
454 1595 582 1658 agmen,
598 1582 759 1661 qnantum
773 1580 934 1659 pessent;
955 1581 1077 1653 tamen,
1102 1579 1199 1639 tnto³
1222 1581 1261 1638 nt

162 1673 267 1740 simul
284 1683 466 1760 pugnarent
485 1678 780 1763 procederentque,
803 1677 920 1762 Scipio
940 1676 1147 1756 hortabatur,
1167 1675 1261 1762 prins

161 1796 268 1860 quam
284 1778 458 1860 pedestres
471 1781 581 1864 copiae
594 1783 860 1865 assequerentur.

206 1879 262 1945 36.
285 1881 440 1947 Ceterum
453 1902 540 1948 nunc
554 1883 687 1966 egendo
708 1902 794 1949 nunc
818 1877 1032 1948 sustinendc‘
1051 1901 1167 1966 agmen
1183 1901 1259 1947 cnm

161 1982 375 2068 aliquamdiu
389 1985 478 2050 haud
491 1984 633 2049 muttum
652 1985 895 2069 procederetur,
918 1993 955 2050 et
974 2004 1043 2051 nox
1060 1985 1133 2069 jum
1154 1982 1260 2057 inste·

161 2094 225 2163 ret,
239 2094 413 2154 revocate
428 2087 545 2170 praelio
556 2107 638 2152 suos
653 2088 793 2172 Scipic;
815 2093 852 2154 et
866 2088 1028 2154 collectos
1043 2087 1080 2153 iu
1095 2086 1258 2152 tumulum

161 2188 343 2271 quendam,
352 2209 419 2257 non
433 2188 569 2273 quidem
584 2191 667 2255 satis
682 2195 800 2269 tntum,
819 2191 1017 2276 (presertim
1045 2191 1256 2274 agmiuiper·

159 2289 286 2374 euleu)
298 2291 473 2357 editiorem
487 2302 613 2370 tamen,
628 2311 733 2377 quum
744 2301 859 2358 cetera
867 2294 958 2358 circa
970 2300 1071 2372 erant,
1087 2291 1258 2360 subducit.

161 2392 358 2477 lbitprimc,
373 2393 618 2478 impedimentis
642 2401 679 2460 et
700 2396 854 2481 equitatu
877 2396 911 2460 iu
933 2396 1080 2460 medinm
1101 2395 1258 2480 receptis,

160 2495 362 2560 circumdati
375 2497 528 2582 pedites·
548 2495 638 2561 haud
653 2496 829 2563 difficulter
849 2499 995 2584 impetus
1016 2499 1257 2562 incursantium

159 2592 388 2664 Numidarum
402 2599 576 2665 arcebantr
591 2598 679 2679 dein,
690 2606 872 2684 postquem
886 2606 959 2666 tcto
975 2599 1105 2683 agmine
1119 2605 1187 2665 tres
1198 2601 1259 2665 im·

161 2707 337 2783 peratores
349 2719 427 2765 cum
442 2702 549 2767 tribus
558 2699 664 2785 justis
674 2702 879 2769 exerciturus
894 2701 1043 2780 aderaut,
1059 2703 1258 2787 apparebat-

159 2824 239 2887 que,
253 2824 372 2889 pamm
387 2805 487 2869 armis
501 2803 546 2869 ud
560 2804 720 2871 tuendum
736 2805 849 2871 locum
870 2807 943 2871 sine
956 2807 1159 2871 munimento
1172 2807 1257 2873 veti·

158 2913 258 2971 tnrcs
271 2926 348 2972 esse
357 2914 391 2988 3⁸
413 2907 695 2991 circumspectare
710 2912 813 2993 atque
828 2909 977 2991 agitare4
999 2907 1070 2972 dux
1085 2909 1204 2993 coepit,
1228 2908 1257 2973 si

39 3030 43 3034 ’
157 3028 231 3095 quc
242 3010 344 3075 modo
356 3017 475 3094 posset
490 3010 612 3075 vallum
627 3012 753 3076 circum
776 3010 937 3095 injicere.5
981 3010 1048 3077 Sed
1074 3018 1145 3077 erat
1169 2996 1256 3077 adeo

157 3112 270 3177 nudus
285 3114 431 3178 tumulus
441 3119 477 3177 et
490 3113 601 3195 asperi
616 3113 695 3191 scli,
709 3120 746 3177 ut
759 3133 819 3179 nec
831 3113 971 3197 virgulta
982 3113 1072 3180 rullo
1083 3114 1256 3194 caedendo,

156 3234 222 3279 nec
237 3222 326 3279 terra
344 3216 463 3298 cespiti
478 3214 633 3280 teciendc
659 3223 719 3279 aut
742 3214 904 3281 ducendae
931 3215 1038 3296 prosse
1061 3216 1163 3282 aliive
1189 3216 1249 3281 ulti

158 3318 257 3401 operi
283 3324 366 3402 apta
389 3316 530 3383 inveniri
554 3324 693 3402 posset:
715 3336 777 3383 nec
801 3325 923 3385 natura
948 3318 1151 3406 quicquam⁶
1171 3319 1255 3385 satis

189 3508 206 3534 ·
223 3501 745 3567 emmerammum

158 3765 223 3811 arte
239 3760 369 3811 (irenei
385 3761 525 3813 ‘Alterum
542 3764 599 3815 un
615 3770 706 3815 tuetur
724 3762 848 3826 Duertcg.
870 3762 937 3826 quud
954 3762 1070 3827 spurium
1088 3761 1147 3812 attia
1165 3762 1256 3812 visum.

156 3828 207 3877 Ide
218 3833 246 3876 et
256 3826 287 3875 rt
297 3826 352 3876 trude
368 3832 399 3877 et
414 3826 443 3877 rt
460 3843 508 3877 usu
523 3827 641 3890 offendit,
660 3829 833 3893 metimqueet
846 3828 1024 3890 ingenerant
1036 3828 1106 3877 ittaui
1120 3842 1166 3876 ssu
1179 3829 1254 3877 unu

156 3890 243 3941 uere:
255 3892 414 3953 impert-i
431 3891 476 3941 ΑΙ.
484 3897 706 3944 marmus-t
723 3895 781 3943 ch
793 3898 845 3942 tate
855 3902 976 3957 srrrpecta
986 3902 1044 3943 erut
1057 3892 1183 3943 Strothic.

188 3962 206 4006 ⁴
225 3956 340 4017 vagum
349 3956 418 4006 Edd.
432 3971 449 4006 a
459 3958 548 4022 Sigon.
559 3958 591 4008 ud
603 3960 768 4010 tironem-6
785 3958 859 4023 conj.
871 3958 959 4009 Petis.
970 3958 1188 4021 sumntum-tt
1205 3955 1257 4005 Nec

653 4122 763 4175 Now

190 4242 203 4271 ⁸
216 4232 394 4300 otmunt]
406 4234 590 4288 Hasdrubaler
600 4238 688 4304 Migo.
728 4244 753 4289 et
764 4218 905 4289 mettun
917 4234 1012 4297 sareu
1024 4233 1092 4296 seire
1107 4234 1181 4299 nure,
1191 4242 1216 4287 et
1229 4252 1256 4289 sc

190 4311 284 4362 ‘Naue
292 4312 606 4377 qoedcmuatimdo]
625 4314 688 4364 uu·
725 4314 820 4365 tuttust
829 4328 858 4363 eu
868 4314 976 4362 retruitu

155 4389 687 4457 liee,tcrtttsuimtsrcserrmtmaper‚
757 4401 771 4437 t
790 4387 983 4453 Vuttturureue]
1000 4388 1136 4449 Romanos,
