3259 5225
471 613 544 662 ern.
568 612 684 664 xxrr.
707 614 792 663 cnr.
814 597 848 664 8.
1113 547 1203 665 2169ι

105 784 215 862 geret.
259 774 372 859 Magis
387 773 498 839 mirari
516 793 565 851 se,
587 773 721 859 aliquos
740 778 868 839 stantes
889 771 1063 859 cecidisse,
1082 781 1118 838 et
1135 791 1201 837 non

105 901 229 946 omnes
243 878 386 944 comites
400 875 463 942 Gn.
479 877 589 942 Fulvii
603 876 711 942 foisse
724 875 861 959 pavoris
873 893 915 940 ae
929 875 1027 957 sugae.
1070 873 1110 938 G.
1124 873 1202 940 Fla·

104 980 270 1059 minium,¹
290 979 332 1044 L.
348 977 515 1056 Paullum,
530 977 570 1042 L.
583 978 807 1054 Postumiam,
823 975 887 1042 On.
904 997 944 1042 ac
960 976 1002 1041 Ρ.
1022 977 1202 1060 Scipiones

104 1085 233 1150 eadere
244 1084 279 1149 in
289 1082 364 1146 aeia
378 1081 552 1159 maluisse,
561 1099 662 1166 quarn
673 1079 825 1145 deserere
839 1081 1086 1145 circumventos
1099 1079 1124 1119 ¹⁶
1142 1098 1201 1145 ex-

103 1187 244 1252 ercitns.
273 1183 336 1251 Gn.
350 1183 505 1248 Fulvium
517 1201 624 1267 prope
634 1201 737 1247 unum
748 1183 901 1246 nuntium
916 1182 1020 1246 deleti
1030 1182 1202 1250 exereitus

103 1289 256 1355 Romam
267 1288 405 1352 redisse.
440 1285 587 1351 Facinus
601 1285 774 1368 indiguum
786 1301 873 1362 esse,
887 1283 1095 1350 Cannensem
1110 1304 1201 1350 exer-

104 1394 225 1470 eitum,
249 1391 340 1475 quod
364 1406 408 1453 ex
430 1390 503 1454 ueie
526 1387 659 1470 fugerit,
684 1387 720 1450 in
743 1385 893 1451 Siciliam
919 1385 1141 1470 deportatum,
1160 1407 1202 1452 ne

103 1495 204 1579 prins
218 1493 296 1558 inde
310 1492 503 1569 dimittatur,
518 1511 620 1575 quam
639 1489 749 1554 lrostis
772 1507 818 1553 ex
839 1487 943 1552 Italia
962 1487 1155 1566 decesserit,
1169 1495 1204 1554 et

103 1597 172 1662 lroe
196 1597 286 1661 idem
310 1597 345 1661 in
364 1595 426 1661 Gn.
453 1595 566 1661 Fulvii
587 1593 777 1678 legionibus
799 1611 903 1676 nuper
926 1591 1117 1660 decretum:
1140 1593 1203 1659 (iu.

104 1699 233 1764 Fulvio
245 1699 357 1782 fugam
372 1717 415 1762 ex
430 1698 559 1782 praelio,
573 1697 682 1780 ipsius
697 1695 883 1762 temeritate
894 1695 1087 1775 commisso,
1097 1698 1203 1782 impu·

103 1802 214 1866 uitam
229 1821 328 1866 ease:
351 1809 387 1865 et
399 1819 474 1865 enm
488 1799 524 1863 in
537 1817 644 1882 ganea
658 1798 854 1881 lustrisque,
866 1797 925 1861 nbi
934 1797 1110 1882 juventam
1125 1819 1203 1882 ege·

103 1906 158 1981 rit,
174 1909 383 1968 senectutem
398 1908 568 1967 aelurum:
590 1900 726 1979 milites,
746 1899 805 1984 qni
827 1897 911 1962 nihil
933 1899 1024 1964 aliud
1041 1920 1202 1986 peccave·

102 2008 184 2085 rint,
214 2025 318 2090 quam
343 2004 434 2089 quod
459 2004 669 2088 imperatoris
695 2003 822 2069 similes
846 2000 1008 2081 suerint,¹⁷
1036 2004 1203 2087 relegatos

103 2127 213 2193 prope
230 2109 267 2172 in
290 2107 438 2183 exilium,
455 2105 713 2188 ignominiosam
727 2105 805 2194 pati
824 2105 988 2170 militiam.
1030 2104 1128 2172 Adeo
1140 2108 1203 2172 im·

103 2231 220 2295 parem
234 2212 422 2277 libertatem
437 2208 560 2275 Rome
571 2209 632 2275 diti
641 2228 682 2275 ae
692 2209 844 2295 pauperi,
855 2208 1022 2276 honorato
1036 2214 1139 2296 atque
1152 2211 1203 2276 in·

103 2313 268 2380 honorato
282 2311 381 2380 esse?
924 2357 931 2374 .

145 2417 180 2482 3.
204 2416 301 2482 Reus
315 2416 358 2481 ab
373 2435 411 2481 se
421 2416 554 2501 eulpam
569 2415 605 2481 in
620 2414 744 2481 milites
757 2416 998 2481 transferebat:
1019 2413 1108 2480 ‘Eos
1118 2415 1203 2480 iero·

103 2521 188 2584 citer
207 2538 354 2603 pugnam
381 2527 561 2602 poscentes
585 2519 764 2604 productos
785 2520 819 2583 in
840 2519 957 2596 aeiem,
978 2537 1044 2582 uon
1064 2537 1117 2595 eo,
1135 2537 1203 2601 quo

104 2624 280 2701 voluerint,
294 2622 390 2707 (quia
405 2640 518 2685 serum
533 2621 602 2686 diei
620 2619 751 2705 luerit)
764 2621 823 2685 sed
842 2626 981 2705 postero
996 2619 1065 2696 die,
1076 2625 1110 2684 et
1123 2626 1203 2685 tem·

103 2743 187 2809 pore
201 2730 237 2789 et
251 2725 328 2789 loeo
340 2742 441 2807 aequo
451 2725 646 2800 instructos,
662 2742 722 2788 seu
742 2723 878 2801 famam,
899 2742 958 2788 sou
972 2724 1040 2789 vim
1052 2722 1202 2788 hostium

102 2845 171 2889 non
197 2826 407 2890 sustinuisse.
450 2823 536 2888 Cum
564 2824 671 2889 effuse
695 2842 812 2891 omnes
833 2826 989 2910 lugerent,
1010 2842 1047 2889 se
1068 2840 1203 2907 quoque

105 2927 205 2992 turba
226 2927 397 3007 ablatum3
419 2933 455 2991 ut
472 2924 656 2991 Varronem
677 2925 850 2992 Cannensi
871 2944 996 3010 pugna,
1017 2930 1055 2990 ut
1073 2925 1202 2990 multos

103 3030 190 3094 alios
204 3030 431 3113 imperatores.
468 3026 538 3107 Qui
552 3036 665 3095 autem
680 3030 790 3094 solum
801 3048 839 3094 se
853 3032 1027 3093 restantem
1041 3028 1203 3112 prodesse

101 3132 151 3196 rei
166 3130 331 3217 publicae,
352 3130 418 3195 nisi
437 3130 468 3195 si
488 3150 576 3196 mors
590 3152 652 3197 sua
665 3132 811 3197 remedio
826 3130 972 3216 publicis
987 3128 1138 3195 cladibus
1151 3128 1202 3195 su·

102 3238 180 3297 tura
195 3238 294 3309 esset,
313 3234 491 3318 potuisset
503 3233 529 3273 ¹⁸
573 3233 655 3299 Non
677 3254 716 3299 se
732 3234 851 3318 inopia
865 3234 1114 3311 commeatus,¹⁹
1135 3250 1202 3295 nou

100 3334 136 3399 in
154 3336 231 3401 loca
253 3336 369 3419 iniqua
389 3336 523 3402 incaute
543 3336 738 3415 deduotum,
752 3355 819 3401 non
841 3336 970 3420 agmine
989 3332 1200 3419 inexplorato

562 3502 742 3522 “0000ssss

102 3600 135 3647 1⁴
153 3596 217 3646 Gen
226 3598 259 3647 ed
271 3598 431 3650 meam
442 3634 449 3651 .
459 3632 486 3651 ..
499 3635 506 3650 .
520 3599 737 3650 restituisset-lt
751 3599 760 3627 ‘
773 3598 862 3650 Verbo
879 3614 927 3650 παι
941 3598 1036 3649 etetirre
1054 3598 1149 3650 obeunt
1165 3594 1200 3647 eb

102 3662 222 3712 omuibus
233 3664 299 3713 Meu.
309 3665 379 3714 unde
395 3664 479 3715 Gran.
497 3679 548 3715 uon
563 3666 630 3713 mele
644 3664 712 3728 eouj.
724 3664 790 3719 Nee.
801 3664 900 3725 Hercle,
909 3664 997 3715 urim
1006 3664 1102 3715 mrim
1111 3662 1200 3714 milites

101 3727 128 3775 ie
142 3726 211 3776 erle!
234 3728 410 3791 Rupere-ld
434 3730 514 3786 Quor
528 3731 635 3779 demere
650 3729 818 3778 circemom
833 3728 938 3779 Mutilus
960 3744 1014 3779 reor
1032 3728 1152 3779 exercitae
1166 3729 1199 3777 al.

101 3796 167 3842 -w
184 3791 211 3842 J.
223 3792 255 3841 P.
264 3793 346 3843 Gron.
358 3794 505 3859 auspicatur
516 3794 664 3859 legendum,
680 3793 768 3843 militer
786 3794 827 3858 qei
841 3794 904 3844 nihil
913 3795 979 3844 aliud
994 3809 1064 3858 qurum
1076 3794 1200 3858 iorperoto·

100 3856 344 3916 roe-itamar.

100 3945 104 3958 ·
137 3924 168 3969 18
186 3922 230 3970 ΑΙ.
241 3923 305 3978 Quid
313 3927 393 3973 neten
404 3921 651 3986 ...qoem-19
666 3923 676 3951 ⁴
687 3920 773 3972 Multo
783 3923 935 3974 eoneinnlor
951 3929 1020 3973 erret
1029 3920 1113 3973 oratio
1123 3920 1145 3970 el
1157 3920 1199 3970 rel

101 3986 212 4037 verbnm
223 3988 326 4053 aliquod
343 3996 402 4054 port
412 3993 567 4051 meatu„
574 3988 689 4052 exempli
704 3987 798 4052 gretie,
817 4002 942 4053 pressum,
952 3989 1119 4039 interclusam
1130 3986 1198 4051 purl-

596 4132 704 4186 NO'l'AE

133 4242 633 4313 *uditeeieueiemrtetieedllerunt
673 4247 1198 4313 diereFleminiomed'l'lrresymenuurle·

101 4321 128 4370 in
145 4321 252 4386 optimis
273 4324 337 4375 Moe.
359 4325 437 4375 verbe
456 4326 508 4377 dno
524 4326 630 4376 ultime:
673 4342 741 4385 eom,
753 4326 1024 4387 Paulomadcunuae,
1036 4324 1198 4375 Postumium

101 4411 196 4448 senene
207 4404 293 4447 tamen
303 4414 335 4449 ee
345 4400 487 4453 derideret.
671 4402 699 4452 lu
709 4402 795 4452 Gallie
806 4403 945 4469 citeriore,
959 4401 1092 4467 Scipiones
1102 4398 1196 4451 struae

132 4474 141 4507 ¹
158 4474 189 4523 G.
201 4474 356 4539 musea]
372 4476 432 4528 lem
442 4478 551 4532 vidimus
561 4480 630 4532 eeei·
670 4478 697 4528 iu
709 4479 843 4545 Hispania.

168 4556 257 4619 Delpl.
266 4562 291 4607 et
306 4558 366 4609 Ver.
373 4557 440 4609 clue.
609 4558 702 4611 [ἰήιε.
1076 4562 1093 4631 ,⁷
1111 4558 1132 4609 C
