3259 5225
402 554 492 622 2454
877 570 912 617 r.
937 565 1033 617 urvrr

405 735 501 783 onem
516 712 788 794 circumdederat,
804 713 927 797 gladiis
938 712 982 780 ad
992 720 1090 780 senta
1102 710 1308 796 concrepuit
1328 707 1512 776 Praeconis

406 816 522 885 audita
535 836 605 883 vox
621 816 758 882 citantis
772 818 909 882 nomina
921 816 1153 882 damnatorum
1166 815 1202 881 in
1217 814 1368 879 consitio.
1413 810 1513 876 Nudi

404 920 440 985 in
453 920 597 986 medinm
612 918 898 1003 protrahebantur.
929 917 974 983 Et
987 918 1089 984 sirnnl
1103 917 1213 983 omnis
1227 920 1412 1001 apparatus
1425 932 1513 997 snp-

404 1022 499 1107 plicii
514 1022 785 1107 expromebatur.
831 1021 984 1105 Delignti
999 1018 1044 1085 ad
1061 1021 1176 1104 palum
1191 1020 1360 1102 virgisque
1375 1017 1460 1082 oaesi
1475 1021 1514 1081 et

406 1124 516 1189 securi
530 1124 690 1208 percussi,
706 1112 798 1188 adeo'
807 1122 1021 1207 torpentibus
1037 1127 1138 1200 metu,
1153 1121 1212 1206 qui
1226 1120 1378 1197 aderant,
1391 1124 1428 1183 ut
1441 1135 1513 1182 non
1614 1113 1621 1125 '

406 1225 509 1291 modo
520 1226 661 1291 ferocior
675 1244 745 1291 vox
760 1224 920 1291 adversus
934 1225 1145 1290 atrocitatem
1167 1242 1291 1308 poenae,
1314 1219 1373 1285 sed
1392 1240 1437 1285 ne
1452 1240 1514 1302 ge·

406 1329 512 1393 ruitus
527 1326 674 1413 quidem,
688 1326 914 1393 exaudiretur.
957 1328 1072 1392 Tracti
1087 1324 1163 1391 inde
1183 1324 1227 1391 de
1247 1325 1359 1389 medio
1382 1341 1514 1389 omnes·

407 1435 614 1514 purgatoque
639 1428 727 1506 ioco,
750 1430 845 1495 cituti
870 1428 998 1494 milites
1023 1426 1219 1493 nominatim
1240 1425 1333 1510 apud
1356 1418 1512 1489 tribunos

408 1530 549 1596 militunr
568 1530 604 1595 in
624 1532 725 1597 verba
742 1530 782 1595 P.
797 1532 969 1618 Scipionis
983 1532 1149 1615 jurarunt,
1168 1528 1443 1613 stipendiumque
1465 1526 1513 1591 ad

407 1653 529 1699 nomen
552 1634 693 1716 singulis
716 1634 920 1720 persolutum
943 1634 1020 1699 est.⁸
1067 1633 1169 1699 Hunc
1187 1632 1286 1697 tinem
1311 1633 1514 1717 exitumque

355 1810 358 1817 ,
409 1736 534 1801 seditio
548 1734 691 1800 militnm
705 1742 821 1822 ooepta
832 1735 925 1820 apud
938 1735 1119 1803 Sucronem
1133 1735 1264 1800 babuit.

451 1838 507 1905 30.
529 1836 597 1901 Per
611 1836 697 1903 idem
714 1844 848 1923 ternpus
863 1839 906 1903 ad
922 1839 1047 1904 Baetim
1058 1838 1198 1903 fluvium
1214 1836 1354 1914 Hanno,
1368 1835 1516 1919 praefec·

410 1948 466 2006 tus
483 1938 653 2023 Magonis,
675 1941 823 2006 missus⁹
849 1961 871 2006 a
892 1940 1051 2006 Gadibus
1073 1960 1151 2005 curn
1165 1958 1273 2024 parva
1297 1958 1398 2004 mann
1414 1936 1517 2004 Afro·

404 2066 493 2125 rum,
523 2046 678 2115 mercede
710 2046 887 2132 Hispanos
913 2044 1150 2112 solicitondo¹⁰
1170 2043 1215 2109 ad
1237 2051 1382 2130 quatuor
1403 2040 1517 2109 miliia

405 2147 569 2231 juvenum
596 2149 751 2213 armavit.
796 2148 926 2213 Castris
951 2148 1070 2213 deinde
1092 2155 1216 2213 exutus
1242 2148 1286 2213 ab
1306 2146 1348 2211 L.
1369 2144 1537 2225 Marcio„

411 2248 560 2313 maxima
574 2256 667 2334 parte
681 2250 822 2315 militum
838 2252 922 2315 inter
937 2251 1113 2315 tumultum
1128 2255 1301 2333 captorum
1314 2255 1516 2328 castrorum,

411 2350 610 2436 quibusdam
620 2352 723 2417 etiarn
738 2354 773 2417 in
787 2352 869 2435 fuga
883 2353 1031 2430 amissis,
1042 2352 1173 2437 palatos
1185 2357 1408 2436 persequente
1419 2354 1517 2438 equi·

411 2461 454 2532 te,
470 2474 547 2518 curn
563 2456 683 2537 paneis
698 2455 907 2539 ipseeffugit.
953 2456 1045 2521 Duru
1056 2455 1132 2521 brec
1143 2462 1167 2495 ¹¹
1183 2454 1226 2520 ad
1239 2456 1361 2521 Baetim
1374 2454 1516 2522 fluvium

412 2562 576 2640 geruntur,
594 2556 717 2623 Laelius
733 2558 873 2636 interim,
887 2558 972 2625 freto
988 2560 1023 2624 in
1038 2578 1202 2625 oceanum
1214 2564 1363 2638 evectus,
1376 2560 1419 2626 ad
1432 2558 1518 2626 Gar·

412 2656 539 2724 teiamd
554 2659 665 2724 classe
681 2662 836 2726 accessit.
880 2659 971 2725 Urbs
986 2663 1073 2727 eain
1088 2681 1146 2727 ora
1161 2661 1281 2727 oceani
1292 2663 1360 2727 sita
1372 2672 1438 2741 est,
1454 2665 1517 2730 ubi

411 2764 554 2847 primum
575 2781 594 2826 e
617 2761 774 2828 saucibus
793 2764 946 2846 angustis
966 2764 1119 2848 panditur
1136 2784 1240 2830 mars.
1285 2764 1428 2846 Gaas:
1443 2767 1517 2831 sine

412 3087 472 3122 roae
484 3071 550 3122 Edd.
563 3081 624 3126 ante
637 3075 775 3132 Sinon-8
794 3078 839 3126 Est
851 3077 903 3126 dei.
914 3078 997 3128 Gron·
1008 3077 1114 3142 Doujst.
1127 3079 1205 3130 crev.

446 3141 463 3186 9
480 3138 614 3198 Profectus
632 3157 648 3190 o
659 3143 762 3203 Magone
781 3143 868 3192 niem
887 3143 953 3192 Edd.
970 3153 1034 3193 anre
1046 3145 1195 3195 Grau-tt
1215 3143 1337 3208 ‘Optimi
1357 3143 1453 3210 quique
1469 3145 1519 3195 ar-

413 3201 547 3254 tteiterrdor.
580 3205 712 3256 Videntur
731 3209 798 3258 vella
820 3211 925 3258 meede
942 3208 1062 3274 Hispanis
1077 3209 1250 3260 aueum·
1270 3211 1298 3262 J.
1317 3211 1348 3260 Ρ.
1366 3210 1518 3262 Grau—tl

912 3371 1020 3423 NOTAE

446 3491 516 3543 ‘Ad
540 3495 676 3562 Carteiam]
705 3499 844 3565 antieern
870 3501 947 3553 rideo
986 3503 1080 3566 roife
1107 3503 1283 3556 siverotreti
1295 3505 1519 3570 campartemiu·

414 3569 440 3618 tn
450 3569 577 3633 Hispanis
587 3573 716 3624 Carteiam
727 3579 844 3628 annotari
855 3594 870 3628 a
881 3581 947 3630 Seu·
986 3582 1087 3645 tettigss
1106 3597 1166 3647 qun
1187 3582 1310 3648 penditur
1328 3597 1418 3634 verene
1436 3584 1520 3634 medi·

415 3659 489 3696 enne:
499 3650 607 3699 atteram
618 3651 756 3718 Olcadum,
766 3655 808 3720 qni
816 3670 876 3720 perr
886 3657 947 3707 Cet·
987 3665 1147 3722 terraneam,
1155 3659 1261 3709 certeis
1276 3661 1329 3710 erit
1338 3659 1464 3726 Aigeira,
1476 3661 1520 3711 rei

415 3723 555 3773 tiberorurn
572 3735 712 3792 ponuntur,
724 3729 792 3779 inter
809 3733 907 3796 Tagum
919 3740 946 3782 et
989 3735 1122 3792 curum
1140 3736 1189 3786 sub
1210 3736 1302 3800 Calpe,
1320 3751 1399 3802 quere
1415 3737 1519 3788 Arabes

414 3799 555 3850 Sucronem
573 3800 674 3863 fluvios,
687 3805 719 3854 sd
737 3821 858 3857 occasum
870 3809 947 3859 vne-
986 3813 1072 3862 aniei
1090 3821 1206 3863 montem
1223 3812 1325 3877 dixere,
1336 3814 1416 3876 vulgo
1428 3813 1521 3864 Getet·

415 3876 471 3939 rire,
490 3878 533 3926 ubi
558 3893 627 3953 nune
647 3880 794 3944 Horcqindn,
819 3885 947 3952 adquam
988 3887 1072 3939 reu.
1106 3889 1195 3955 Atque
1212 3889 1270 3939 bec
1286 3890 1418 3939 sententis
1436 3889 1520 3941 Plinii

416 3953 548 4017 pertinere
561 3966 670 4019 possunt
683 3975 741 4024 qus
760 3961 805 4011 tib.
818 3975 877 4013 ιιι.
888 3977 912 4013 c.
922 3969 947 4015 t.
987 3981 1018 4015 ae
1046 3966 1184 4016 Ptolemoei
1211 3965 1387 4030 descriptione
1419 3965 1521 4016 firmari

416 4027 580 4080 referuntur:
599 4033 708 4085 alteram
726 4037 896 4089 Turdulorum
913 4039 947 4090 sd
988 4042 1101 4093 ridetur.
1146 4043 1225 4092 Meles
1253 4041 1394 4108 descriptio
1420 4042 1519 4095 uerit:

416 4103 511 4156 freturn
531 4108 778 4177 arcitenentum
800 4117 910 4179 primunr
931 4131 947 4168 e
987 4119 1121 4168 convenit.

415 4183 535 4234 trucibus
557 4189 675 4250 angustis
702 4191 827 4254 panditur
848 4193 948 4244 meree'
1020 4203 1032 4230 ⁸
1050 4195 1141 4260 Gades]
1166 4193 1206 4245 De
1225 4194 1345 4246 (indibus
1367 4196 1460 4254 insuta,
1479 4203 1522 4248 at·

416 4259 484 4326 quod
504 4261 537 4310 de
556 4277 654 4313 oceano
666 4265 687 4313 ri
699 4269 824 4332 accipies,
836 4270 863 4320 in
874 4272 947 4336 enjus
988 4287 1040 4338 que
1051 4274 1116 4323 urbe
1130 4275 1239 4324 Puniens
1251 4274 1358 4338 originis
1370 4276 1439 4324 utrrn
1451 4275 1522 4326 Her·

418 4349 464 4426 ora
477 4337 573 4390 Noster
583 4340 714 4392 Carteiam
728 4347 810 4410 ponit,
822 4355 876 4398 rura
885 4349 947 4400 Cer·
988 4353 1053 4402 cutis
1064 4352 1206 4415 coturnum,
1217 4367 1276 4417 qne
1288 4353 1423 4416 Hisponiae
1434 4356 1521 4405 conri-

418 4421 471 4464 tera
485 4413 575 4467 sedern
593 4419 642 4470 erit
659 4435 717 4472 curn
730 4423 863 4491 urbeque
879 4440 948 4479 nune
988 4431 1061 4480 nenti
1089 4438 1170 4495 ponte
1192 4430 1296 4493 iuuere,
1320 4445 1388 4482 nune
1415 4446 1521 4497 qnoque
