3259 5225
1041 598 1185 647 un.
1233 562 1427 650 xx'v.
1473 600 1640 648 cn.
1679 584 1787 649 40,
2345 583 2519 650 2157

315 745 703 828 SyracusiS‚
733 763 883 808 eum
915 750 1135 812 cetera
1165 746 1232 810 in
1258 746 1494 811 Sicilia
1534 752 1721 812 tanta
1749 745 1880 810 fide
1912 752 2116 829 atque
2144 744 2519 825 integritate

316 848 852 929 composuisset,
883 855 956 913 ut
999 867 1134 914 non
1179 849 1379 913 modo
1420 868 1612 915 suam
1652 848 1953 932 gloriam,
1982 847 2100 913 sed
2140 848 2342 913 etiam
2376 866 2520 911 ma·

305 950 641 1034 jestatem
691 951 924 1035 populi
971 950 1281 1030 Romani,
1313 959 1607 1034 augeret,
1639 959 2028 1017 ornamenta
2063 951 2275 1021 urbis,
2306 951 2519 1034 signa,

319 1053 753 1137 tabulasque,
808 1056 1060 1139 quibus
1116 1055 1546 1121 abundabant
1607 1058 1995 1141 Syracusae,
2056 1054 2350 1120 Romam
2407 1054 2521 1119 de-

317 1157 539 1220 vexit.
627 1157 955 1222 Hostium
1009 1158 1282 1242 quidem
1328 1159 1451 1224 illa
1499 1160 1723 1243 spolia
1774 1165 1838 1224 et
1883 1167 2080 1243 parta
2131 1158 2286 1222 belli
2322 1157 2518 1241 jure:

317 1264 616 1324 ceterum
661 1258 822 1324 inde
869 1261 1155 1344 primum
1207 1262 1472 1326 initium
1517 1263 1799 1329 mirandi
1844 1262 2231 1327 Graecarum
2277 1262 2522 1324 artium

317 1369 582 1444 opera:=
629 1360 1058 1448 licentiaeque
1103 1364 1302 1430 huic⁸
1351 1386 1548 1431 sacra
1598 1366 2008 1449 profanaque
2052 1364 2277 1428 omnia
2318 1364 2521 1444 vulgo

322 1463 668 1546 spoliandi
713 1466 962 1532 facturn
1012 1476 1152 1533 est:
1211 1489 1367 1552 quae
1417 1476 1758 1554 postremo
1809 1469 1877 1533 in
1921 1467 2267 1533 Romanos
2312 1466 2519 1541 DeoS,

322 1567 649 1648 templum
690 1565 757 1630 id
804 1569 1029 1653 ipsum
1062 1571 1371 1655 primum,
1402 1572 1582 1655 quod
1613 1590 1656 1635 a
1691 1569 2017 1635 Marcello
2045 1567 2296 1633 eximie
2327 1585 2520 1630 orna-

321 1673 467 1731 tum
516 1677 645 1748 est,
674 1671 886 1736 vertit.
973 1671 1423 1739 Visebantur⁹
1469 1675 1642 1739 enim
1682 1674 1766 1738 ab
1806 1673 2099 1738 externis
2137 1670 2225 1734 ad
2258 1677 2524 1752 portam

321 1769 677 1853 Capenam
718 1773 1027 1840 dedicata
1066 1794 1109 1841 a
1139 1776 1472 1842 Marcello
1513 1778 1787 1860 templa,
1816 1781 2091 1860 propter
2120 1771 2524 1837 excellentia

318 1873 470 1955 ejus
505 1875 769 1955 'generis
809 1884 1219 1956 ornamenta,
1252 1900 1531 1964 quorum
1574 1881 1943 1963 perexigua
1971 1896 2131 1961 pars
2160 1881 2523 1957 comparet.

320 1973 732 2056 Legationes
776 1982 1069 2045 omnium
1114 1982 1322 2047 ferme
1368 1984 1741 2048 civitatium
1782 1981 2040 2047 Siciliae
2071 1979 2157 2043 ad
2189 1998 2337 2042 eum
2368 1997 2521 2040 cou-

322 2077 704 2145 veniebant.
780 2081 1038 2167 Dispar
1068 2092 1146 2148 ut
1174 2104 1384 2151 causa
1413 2105 1669 2162 earum,
1700 2086 1796 2150 ita
1821 2084 2117 2149 conditio
2149 2087 2309 2146 erat.
2385 2077 2524 2158 Qui

321 2184 481 2242 ante
529 2191 768 2266 captas
814 2184 1190 2269 Syracusas
1239 2196 1358 2253 aut
1396 2208 1532 2252 non
1573 2189 2014 2263 desciverant,
2048 2193 2169 2250 aut
2197 2184 2527 2248 redierant

322 2282 394 2345 in
427 2284 814 2364 amicitiam,
846 2294 918 2352 ut
946 2290 1114 2352 socii
1145 2289 1380 2354 fideles
1422 2293 1679 2375 accepti
1712 2290 2051 2373 cultique3
2098 2307 2271 2373 quos
2302 2293 2524 2350 metus

319 2391 483 2467 post
531 2392 769 2468 captas
810 2390 1186 2472 Syracusas
1228 2391 1601 2471 dediderat,
1634 2401 1713 2457 at
1753 2395 1919 2458 victi
1962 2411 2005 2456 a
2040 2392 2297 2456 victore
2337 2391 2526 2463 leges

320 2495 749 2570 acceperunt.
835 2489 1047 2555 Erant
1092 2498 1311 2557 tamen
1347 2495 1527 2559 haud
1569 2515 1797 2579 parvae
1830 2495 2124 2579 reliquiae
2157 2492 2316 2558 belli
2347 2491 2529 2555 circa

319 2585 766 2672 Agrigentum
813 2590 1182 2677 Romanis;
1225 2595 1568 2682 Epicydes
1619 2604 1687 2662 et
1732 2598 1984 2663 Hanno
2037 2596 2243 2660 duces
2288 2590 2526 2675 reliqui

319 2692 568 2774 prioris
611 2694 794 2772 belli,
826 2703 899 2761 et
939 2699 1169 2762 tertius
1209 2721 1425 2763 novus
1456 2702 1542 2764 ab
1582 2700 1966 2765 Hannibale
1996 2700 2064 2762 in
2093 2699 2310 2762 locum
2346 2695 2525 2778 Hip-

1240 2864 1615 2887 ‘nmmo

387 2972 422 3018 8
456 2970 590 3021 Hine
615 2973 748 3024 Edu.
771 2984 893 3026 ante
917 2977 1247 3032 Gronov-9
1287 2982 1580 3033 Videbantur
1602 2983 1895 3033 Gmt.—ro
1944 2979 1962 3007 ‘
1979 2979 2041 3028 In
2067 2979 2243 3043 primis
2270 2975 2403 3026 Eud.
2429 2977 2528 3039 legi

322 3034 667 3100 Hippot-*intio
703 3049 760 3091 et
796 3040 1112 3106 Hippana,
1150 3046 1204 3095 in
1242 3048 1364 3096 Put-
1404 3059 1459 3098 et
1489 3050 1740 3099 cantabr.
1775 3047 2140 3111 Hippocen-ates,
2176 3046 2230 3094 in
2260 3044 2375 3092 aliis
2401 3045 2529 3092 Mu.

1320 3178 1537 3232 NOTAE

1470 3296 1625 3346 rintbl
1661 3300 2036 3359 expugnatore,
2059 3295 2307 3360 ejusmodi
2343 3296 2531 3346 artium

1472 3374 1607 3431 rudi,
1630 3389 1734 3423 non
1759 3373 2102 3424 dubitandum
2126 3374 2213 3431 ait,
2239 3382 2252 3403 ‘
2278 3376 2403 3441 quin
2427 3390 2533 3425 ma-

1471 3454 1550 3516 gis
1574 3467 1669 3517 pro
1691 3451 1964 3516 republica
2000 3450 2159 3501 fuerit
2195 3466 2405 3501 manere
2440 3450 2534 3501 ad·

1469 3531 1570 3581 huc
1624 3531 1807 3580 rudem
1864 3529 2245 3580 Corinthiorum
2296 3529 2532 3580 intellec-

1470 3615 1601 3669 tum,
1641 3622 1798 3672 quam
1833 3606 1886 3656 iu
1919 3614 2118 3656 tanturn
2157 3622 2222 3656 ea
2254 3606 2477 3669 intelligi
2499 3602 2535 3666 ς’

1472 3694 1528 3735 et
1555 3687 1571 3715 ⁶
1600 3686 1728 3749 quin
1767 3685 1863 3734 bac
1904 3682 2180 3746 prudentia
2216 3683 2302 3732 illa
2338 3683 2533 3746 impru-

1472 3761 1650 3812 dentia
1671 3761 1847 3811 decori
1871 3760 2083 3824 publico
2105 3758 2267 3809 fuerit
2294 3745 2533 3808 conveni·

1472 3840 1643 3890 entior
1658 3839 1692 3888 :'
1712 3838 1849 3903 quod
1864 3837 1935 3886 ait
1948 3838 2035 3886 hac
2050 3837 2306 3901 prudentia
2322 3850 2534 3899 respon·

1471 3918 1566 3968 det
1587 3917 1635 3966 ei
1661 3915 1796 3982 quod
1831 3914 1914 3963 hic
1939 3915 2113 3964 Livius
2146 3915 2220 3963 ait
2242 3913 2535 3975 licentiaque

1471 3992 1599 4055 haic,
1618 3992 1759 4058 quod
1791 3991 2041 4054 scriptum
2073 3989 2123 4038 in
2148 4003 2248 4038 uno
2271 4005 2299 4038 e
2325 3989 2539 4038 Colber·

1474 4072 1623 4121 tinia:
1661 4068 1712 4118 id
1736 4075 1833 4125 est,
1852 4067 2078 4116 licentiae
2098 4066 2252 4129 hujus
2269 4066 2539 4129 temporie,

1475 4163 1577 4214 quo
1616 4147 1823 4197 seilicet
1857 4144 2080 4206 scriptor
2119 4140 2363 4190 vivebat:
2397 4150 2541 4190 cete·

689 4219 738 4256 ¹⁶·
771 4218 1035 4256 ‘unm’-
1473 4239 1583 4272 rum
1609 4221 1736 4271 editi
1768 4227 1825 4269 et
1858 4219 2169 4280 scriptorum
2196 4217 2427 4281 plerique
2449 4216 2536 4265 ba-

389 4317 413 4344 e
452 4309 670 4360 mirandi
709 4307 991 4357 (ἔπεσαν-ιη»
1025 4304 1204 4355 artium
1225 4305 1391 4370 opera]
1472 4299 1614 4360 beot,
1628 4297 1922 4360 licentiaque
1936 4294 2047 4344 hine
2065 4309 2201 4343 mera
2212 4293 2538 4358 prophanaque

328 4390 618 4452 Eleganter
660 4399 772 4434 eam
815 4386 868 4433 in
901 4397 1008 4432 rem
1036 4381 1269 4431 Velleius
1292 4380 1393 4427 Pa·
1472 4379 1615 4440 vulgo
1637 4374 1902 4440 spoliandi.-
1936 4373 1991 4424 in
2010 4371 2195 4439 quibu·
2218 4371 2339 4424 nihil
2364 4371 2502 4423 vitii.

324 4466 560 4517 terculm
577 4462 666 4513 lib.
682 4475 722 4513 1.
742 4460 828 4512 ubi
847 4459 913 4509 de
930 4457 1276 4517 LMummio,
1297 4456 1394 4506 Co-
