3259 5225
527 523 603 573 nra.
624 524 743 576 xxvi.
764 525 851 576 oar.
870 509 926 577 41.
1187 511 1275 584 2253

173 669 314 736 mobilis
336 669 442 736 uirtus
462 670 583 756 populi
605 670 766 738 Romani.
809 671 899 738 Hac
923 671 1035 738 omnia
1057 677 1161 740 strata
1182 673 1274 748 humi

174 773 286 838 erexit
308 792 350 838 ac
371 772 517 837 sustulit.
560 770 635 838 Vos
649 773 799 839 omnium
812 773 922 858 primi,
941 775 1076 854 milites,
1091 784 1171 859 post
1185 775 1274 842 Gau·

171 894 310 940 ucusern
325 874 455 942 cladem
471 875 608 941 vadenti
623 875 831 942 Hasdrubali
845 875 889 941 ad
905 873 1015 960 Alpes
1028 875 1274 962 italiamque-

171 977 403 1061 quisisecorn
414 965 1273 1065 tratreconjunilsset,uullumjamnomeuossetpo·

170 1080 249 1164 puli
261 1079 556 1145 Romani-ductu
569 1079 792 1164 auspicioque
807 1081 913 1164 patris
927 1081 992 1146 mei
1007 1081 1195 1150 obstitistis,
1228 1081 1273 1150 Et

170 1181 227 1247 lrae
244 1183 402 1248 secundae
416 1201 471 1248 ras
485 1183 562 1248 illas
574 1181 735 1249 adversas
749 1183 984 1250 sustinuerunt.
1028 1183 1142 1264 Nunc,
1158 1186 1272 1269 benig·

169 1286 280 1351 nitate
303 1287 426 1365 Deum,
447 1285 559 1351 omnia
578 1284 741 1363 secunda,
755 1305 932 1369 prospera,
947 1286 983 1350 iu
998 1287 1070 1352 dies
1085 1287 1216 1354 laetiora
1230 1291 1272 1352 ac

170 1387 312 1452 meliora
327 1389 362 1452 iu
375 1388 475 1454 ltalia
487 1387 673 1473 Siciliaque
684 1395 852 1471 geruntur.
897 1388 937 1453 ln
952 1389 1269 1475 SiciliaSyracusae,

169 1488 415 1574 Agrigentum⁶
436 1499 586 1574 captum,
608 1491 697 1575 pulsi
714 1498 785 1556 tota
799 1489 912 1556 insula
924 1490 1053 1570 hostes,
1067 1500 1270 1577 receptaque

170 1595 350 1678 provincia
364 1596 400 1659 iu
415 1593 541 1661 ditione
554 1603 567 1643 ⁷
590 1593 710 1678 populi
722 1591 871 1658 Romani
887 1600 971 1658 est.m
1015 1593 1057 1658 Iu
1068 1593 1172 1660 ltalia
1182 1595 1270 1678 Arpi

170 1699 309 1782 recepti,
324 1696 445 1782 Capua
463 1705 577 1782 capta.
620 1696 809 1762 Iterumne
834 1696 878 1760 ab
901 1697 982 1760 urbo
1005 1695 1119 1763 Roma
1141 1696 1271 1780 trepida

168 1798 252 1883 fuga
266 1819 420 1866 emensus
435 1799 620 1877 Hannibal,
641 1799 676 1862 iu
691 1805 877 1863 extremum
893 1798 1049 1882 angulum
1063 1799 1133 1882 agri
1149 1798 1270 1864 Bruttii

170 1902 381 1984 compulsus,
391 1901 474 1966 nihil
481 1902 554 1987 Jum
567 1898 697 1986 majus⁸
719 1910 873 1983 precatur
889 1900 999 1978 Deos,
1013 1921 1111 1985 quarn
1126 1906 1162 1966 ut
1176 1901 1269 1966 inco·

82 2021 85 2024 ’
169 2004 251 2069 lumi
262 2003 381 2069 cedere
396 2011 496 2089 atque
511 2002 605 2068 abire
623 2021 668 2066 ex
681 2000 827 2068 hostium
842 2008 927 2069 terra
938 2003 1052 2070 liceat.
1095 2003 1188 2084 Quid
1208 2004 1270 2086 igi-

170 2113 225 2171 tur
247 2109 358 2171 miuus
380 2107 571 2184 conveniat,
589 2105 728 2184 milites,
748 2124 862 2190 quam,
879 2123 955 2170 curn
977 2106 1053 2172 aliae
1067 2126 1168 2192 super
1183 2109 1269 2174 alias

169 2210 286 2276 clades
297 2211 554 2288 cumularentur,
565 2229 607 2274 ac
622 2208 681 2274 Dii
696 2227 804 2293 prope
818 2207 885 2291 ipsi
900 2227 976 2273 cum
989 2208 1183 2274 Hannibale
1197 2217 1269 2275 sta-

168 2318 257 2392 rent,
272 2333 336 2379 ros
354 2313 409 2378 hic
430 2331 509 2378 cum
522 2311 720 2396 parentibus
732 2309 817 2374 mas
831 2306 1023 2396 (aequentur
1038 2311 1126 2376 euim
1140 2311 1243 2378 etiam
1254 2319 1269 2362 ⁹
1396 2359 1401 2367 -

167 2414 293 2480 honore
319 2415 513 2494 nominis⁰)
533 2413 733 2479 sustinuisse
757 2412 927 2477 labantem
958 2411 1127 2478 fortunam
1149 2413 1270 2498 populi

170 2517 333 2596 Romani,
353 2537 440 2583 nnuc
461 2516 612 2596 eoadem,
629 2517 711 2601 quia
730 2514 803 2580 illic
825 2515 937 2581 ornuia
954 2515 1104 2580 secunda
1123 2515 1269 2600 laetaque

168 2629 261 2701 sunt,
287 2622 407 2687 animis
430 2618 600 2687 deficeret
646 2619 767 2707 Nuper
791 2637 928 2704 quoque
953 2638 1028 2703 quae
1056 2618 1268 2698 acciderunt,

166 2726 294 2790 utinam
316 2731 387 2791 tarn
407 2724 479 2790 sine
502 2743 579 2789 meo
608 2723 716 2802 luctu,
745 2742 847 2807 quam
876 2728 999 2800 vestro,
1027 2722 1269 2788 trausisscutl⁰

168 2827 271 2893 Nunc
281 2826 341 2892 Dii
357 2828 564 2893 immortales
578 2825 710 2912 imperii
727 2825 875 2891 Romani
887 2824 1062 2909 praesides,
1074 2826 1133 2909 qui
1152 2833 1267 2890 centu·

166 2928 228 2995 riis
248 2930 418 3008 omnihus,
432 2938 471 2996 ut
490 2928 572 2994 mihi
591 2928 767 3013 imperium
777 2918 934 3014 juberent
949 2926 1061 3007 dari,¹⁹
1082 2925 1172 2992 luere
1185 2945 1268 2993 auc·

168 3040 272 3111 tores,
296 3033 396 3100 iidem
415 3032 565 3117 auguriis
580 3032 824 3117 auspiciisque,
838 3036 871 3097 ct
892 3050 951 3117 per
970 3036 1150 3097 nocturnos
1164 3030 1266 3095 etiam

166 3136 289 3215 risus,P
311 3136 426 3201 omnia
445 3136 527 3202 loeta
541 3155 582 3202 ac
593 3153 757 3219 prospera
771 3134 984 3219 portendunt.
1022 3132 1166 3199 Animus
1183 3151 1267 3220 quo-

627 3314 808 3337 ”nemun

162 3418 302 3486 signa-u
312 3418 516 3482 agoge-rupe
526 3416 609 3469 Gran.
618 3417 725 3483 Doajat.
735 3419 861 3469 crea-⁷
873 3418 906 3469 ln
918 3418 1068 3483 quibusdam
1081 3417 1147 3469 Edd.
1157 3418 1185 3467 ia
1194 3418 1266 3469 ditio·

163 3488 217 3533 rr‘err
236 3483 433 3535 amicerum—8
450 3484 512 3535 Vct.
531 3482 576 3535 lib.
594 3483 663 3548 apud
679 3482 769 3547 Sigon.
790 3483 917 3545 aililjarr
931 3486 1068 3549 magia-tl
1084 3483 1125 3535 ΑΙ.
1143 3490 1266 3548 equatur

662 3628 770 3681 NO'l'AE

194 3735 213 3762 ¹
226 3726 543 3793 Receptuqrrrprrriaciola
552 3728 644 3777 ditmar
651 3742 694 3792 pr·
733 3729 786 3795 air]
803 3729 917 3780 Patruus
928 3743 987 3779 cum
996 3736 1080 3794 patre.

160 3807 328 3871 psliltrmi
343 3806 392 3870 ert]
408 3807 519 3857 Varirnt
526 3807 602 3857 libri:
621 3805 695 3855 meli·
765 3812 778 3839 ⁰
798 3806 898 3855 Utinam
909 3811 959 3855 tarr
974 3807 1025 3855 rias
1038 3820 1089 3855 rrrro
1103 3806 1176 3867 lacta,
1193 3818 1265 3868 parur

161 3896 222 3933 orsa
233 3883 262 3931 irr
270 3883 371 3943 ditione,
384 3884 503 3947 plerique
513 3884 609 3933 babeat
620 3884 647 3933 r'a
655 3882 694 3932 di·
732 3887 821 3938 outre,
831 3882 985 3947 enarum]
996 3880 1152 3946 lprescipin
1162 3890 1264 3946 patrem

160 3960 562 4023 timrutrnmqrreiueundem
570 3973 692 4009 scomma
733 3973 765 4009 rc
782 3965 904 4023 patruum
922 3972 1004 4009 curor
1026 3958 1150 4022 lugebat:
1167 3960 1263 4009 militer

162 4035 226 4102 quid
244 4034 323 4097 enirn,
336 4043 462 4099 qnmrnm
476 4036 510 4085 ad
526 4037 693 4097 senteutiam,
733 4033 864 4083 exercitur
875 4047 951 4097 quom
965 4033 1154 4099 alloquebatur,
1165 4035 1264 4085 incoln-

164 4113 264 4162 distant
274 4112 398 4174 prwinria
408 4118 510 4175 receptu,
521 4127 567 4162 sca
585 4112 693 4161 rrdrrctu
733 4124 808 4170 mm
835 4116 863 4158 at
885 4109 959 4158 curis
988 4110 1096 4159 ducibus
1118 4126 1263 4178 magnaque

161 4196 199 4239 ert
215 4189 242 4238 ia
252 4188 381 4247 ditinum
402 4196 431 4239 et
446 4190 571 4251 prosim
587 4194 692 4252 receptu,
733 4194 810 4251 prrte
821 4184 1037 4248 commilitonum,
1048 4186 1097 4251 iprl
1112 4194 1199 4238 tamen
1209 4190 1262 4239 rie·

160 4268 187 4317 id
203 4272 253 4321 est.
265 4271 429 4329 recuperata,
440 4266 468 4315 irr
478 4266 629 4316 ditiruertt
642 4265 692 4315 lmc
733 4269 815 4314 tores.

161 4358 211 4407 ago
222 4344 318 4393 malim.
765 4348 779 4382 ν
792 4338 844 4388 Per
858 4344 983 4389 marmor
999 4339 1073 4389 aaa
1087 4339 1162 4404 eim]
1188 4340 1223 4391 Se
1246 4357 1261 4391 ι

193 4427 206 4453 ·
216 4422 351 4484 AEqnaeatrr
360 4420 423 4470 eain
432 4420 505 4470 etim
515 4420 602 4473 laren
616 4419 692 4471 arrai-
734 4418 862 4481 Neptune
876 4416 902 4465 in
913 4417 1001 4481 quieta
1012 4416 1147 4478 monitum,
1157 4424 1187 4468 ut
1198 4417 1262 4470 car·
