<?xml version="1.0" encoding="UTF-8"?>
<!DOCTYPE html PUBLIC "-//W3C//DTD XHTML 1.0 Transitional//EN"
    "http://www.w3.org/TR/xhtml1/DTD/xhtml1-transitional.dtd">
<html xmlns="http://www.w3.org/1999/xhtml" xml:lang="en" lang="en">
 <head>
  <title>
</title>
<meta http-equiv="Content-Type" content="text/html;charset=utf-8" />
  <meta name='ocr-system' content='tesseract 3.04.00' />
  <meta name='ocr-capabilities' content='ocr_page ocr_carea ocr_par ocr_line ocrx_word'/>
</head>
<body>
  <div class='ocr_page' id='page_1' title='image "./tliviipatavinih04rupegoog_0402.png"; bbox 0 0 3259 5225; ppageno 0'>
   <div class='ocr_carea' id='block_1_1' title="bbox 392 518 1016 587">
    <p class='ocr_par' dir='ltr' id='par_1_1' title="bbox 392 518 1016 587">
     <span class='ocr_line' id='line_1_1' title="bbox 392 518 1016 587; baseline -0.014 1"><span class='ocrx_word' id='word_1_1' title='bbox 392 518 480 587; x_wconf 76' lang='grc'>2464</span> <span class='ocrx_word' id='word_1_2' title='bbox 863 532 897 582; x_wconf 82' lang='lat' dir='ltr'>r.</span> <span class='ocrx_word' id='word_1_3' title='bbox 921 531 1016 581; x_wconf 81' lang='lat' dir='ltr'>urvu</span> 
     </span>
    </p>
   </div>
   <div class='ocr_carea' id='block_1_2' title="bbox 330 675 1503 3634">
    <p class='ocr_par' dir='ltr' id='par_1_2' title="bbox 393 675 1497 1074">
     <span class='ocr_line' id='line_1_2' title="bbox 393 675 1497 765; baseline -0.003 -18"><span class='ocrx_word' id='word_1_4' title='bbox 393 681 497 747; x_wconf 88' lang='lat' dir='ltr'>animi</span> <span class='ocrx_word' id='word_1_5' title='bbox 510 698 581 765; x_wconf 82' lang='lat' dir='ltr'>prae</span> <span class='ocrx_word' id='word_1_6' title='bbox 605 698 643 745; x_wconf 86' lang='lat' dir='ltr'>se</span> <span class='ocrx_word' id='word_1_7' title='bbox 661 676 773 745; x_wconf 79' lang='lat' dir='ltr'>terret.</span> <span class='ocrx_word' id='word_1_8' title='bbox 819 676 905 743; x_wconf 87' lang='lat' dir='ltr'>Fido</span> <span class='ocrx_word' id='word_1_9' title='bbox 918 675 1001 743; x_wconf 85' lang='lat' dir='ltr'>data</span> <span class='ocrx_word' id='word_1_10' title='bbox 1023 684 1242 763; x_wconf 82' lang='lat' dir='ltr'>acceptaque,</span> <span class='ocrx_word' id='word_1_11' title='bbox 1255 678 1428 763; x_wconf 86' lang='lat' dir='ltr'>profectus</span> <span class='ocrx_word' id='word_1_12' title='bbox 1441 698 1497 744; x_wconf 84' lang='lat' dir='ltr'>re·</span> 
     </span>
     <span class='ocr_line' id='line_1_3' title="bbox 393 780 1496 866; baseline -0.004 -16"><span class='ocrx_word' id='word_1_13' title='bbox 393 796 446 850; x_wconf 86' lang='lat' dir='ltr'>tro</span> <span class='ocrx_word' id='word_1_14' title='bbox 459 784 686 849; x_wconf 77' lang='lat' dir='ltr'><strong>Tarraconem</strong></span> <span class='ocrx_word' id='word_1_15' title='bbox 701 788 765 847; x_wconf 89' lang='lat' dir='ltr'>est.</span> <span class='ocrx_word' id='word_1_16' title='bbox 809 780 997 847; x_wconf 82' lang='lat' dir='ltr'>Maslnissa</span> <span class='ocrx_word' id='word_1_17' title='bbox 1011 781 1176 866; x_wconf 87' lang='lat' dir='ltr'>permissu</span> <span class='ocrx_word' id='word_1_18' title='bbox 1197 780 1437 859; x_wconf 86' lang='lat' dir='ltr'>Romanorum,</span> <span class='ocrx_word' id='word_1_19' title='bbox 1450 800 1496 846; x_wconf 92' lang='lat' dir='ltr'>ne</span> 
     </span>
     <span class='ocr_line' id='line_1_4' title="bbox 394 883 1497 969; baseline -0.002 -17"><span class='ocrx_word' id='word_1_20' title='bbox 394 887 467 953; x_wconf 88' lang='lat' dir='ltr'>sine</span> <span class='ocrx_word' id='word_1_21' title='bbox 489 906 596 952; x_wconf 89' lang='lat' dir='ltr'>causa</span> <span class='ocrx_word' id='word_1_22' title='bbox 615 884 792 969; x_wconf 82' lang='lat' dir='ltr'>trajecisse</span> <span class='ocrx_word' id='word_1_23' title='bbox 815 883 851 948; x_wconf 91' lang='lat' dir='ltr'>iu</span> <span class='ocrx_word' id='word_1_24' title='bbox 873 884 1096 949; x_wconf 86' lang='lat' dir='ltr'>coutinentem</span> <span class='ocrx_word' id='word_1_25' title='bbox 1115 883 1292 963; x_wconf 83' lang='lat' dir='ltr'>videretur,</span> <span class='ocrx_word' id='word_1_26' title='bbox 1307 884 1497 969; x_wconf 88' lang='lat' dir='ltr'>populatus</span> 
     </span>
     <span class='ocr_line' id='line_1_5' title="bbox 393 986 940 1074; baseline -0.004 -19"><span class='ocrx_word' id='word_1_27' title='bbox 393 991 568 1074; x_wconf 82' lang='lat' dir='ltr'>proximos</span> <span class='ocrx_word' id='word_1_28' title='bbox 582 1006 682 1071; x_wconf 85' lang='lat' dir='ltr'>agros</span> <span class='ocrx_word' id='word_1_29' title='bbox 697 986 814 1053; x_wconf 82' lang='lat' dir='ltr'>Gades</span> <span class='ocrx_word' id='word_1_30' title='bbox 828 986 940 1053; x_wconf 85' lang='lat' dir='ltr'>rediit.</span> 
     </span>
    </p>

    <p class='ocr_par' dir='ltr' id='par_1_3' title="bbox 330 1086 1503 3634">
     <span class='ocr_line' id='line_1_6' title="bbox 437 1086 1498 1174; baseline -0.003 -17"><span class='ocrx_word' id='word_1_31' title='bbox 437 1092 493 1157; x_wconf 79' lang='lat'>36.</span> <span class='ocrx_word' id='word_1_32' title='bbox 516 1090 665 1174; x_wconf 84' lang='lat' dir='ltr'>Magoni,</span> <span class='ocrx_word' id='word_1_33' title='bbox 691 1086 879 1174; x_wconf 85' lang='lat' dir='ltr'>desperatis</span> <span class='ocrx_word' id='word_1_34' title='bbox 905 1088 939 1153; x_wconf 91' lang='lat' dir='ltr'>in</span> <span class='ocrx_word' id='word_1_35' title='bbox 964 1087 1139 1172; x_wconf 73' lang='lat' dir='ltr'><strong>Hispania</strong></span> <span class='ocrx_word' id='word_1_36' title='bbox 1160 1088 1272 1167; x_wconf 86' lang='lat' dir='ltr'>rebus,</span> <span class='ocrx_word' id='word_1_37' title='bbox 1293 1087 1329 1153; x_wconf 91' lang='lat' dir='ltr'>in</span> <span class='ocrx_word' id='word_1_38' title='bbox 1353 1108 1498 1173; x_wconf 89' lang='lat' dir='ltr'>quarum</span> 
     </span>
     <span class='ocr_line' id='line_1_7' title="bbox 395 1187 1498 1277; baseline -0.005 -19"><span class='ocrx_word' id='word_1_39' title='bbox 395 1212 493 1277; x_wconf 89' lang='lat' dir='ltr'>spem</span> <span class='ocrx_word' id='word_1_40' title='bbox 515 1191 639 1257; x_wconf 81' lang='lat' dir='ltr'>seditio</span> <span class='ocrx_word' id='word_1_41' title='bbox 663 1190 806 1276; x_wconf 87' lang='lat' dir='ltr'>primurn</span> <span class='ocrx_word' id='word_1_42' title='bbox 832 1188 999 1267; x_wconf 86' lang='lat' dir='ltr'>militaris,</span> <span class='ocrx_word' id='word_1_43' title='bbox 1024 1187 1146 1255; x_wconf 86' lang='lat' dir='ltr'>deinde</span> <span class='ocrx_word' id='word_1_44' title='bbox 1169 1188 1317 1255; x_wconf 83' lang='lat' dir='ltr'>desectio</span> <span class='ocrx_word' id='word_1_45' title='bbox 1340 1189 1498 1256; x_wconf 78' lang='lat' dir='ltr'>Indibilis</span> 
     </span>
     <span class='ocr_line' id='line_1_8' title="bbox 395 1291 1500 1379; baseline -0.001 -20"><span class='ocrx_word' id='word_1_46' title='bbox 395 1296 527 1361; x_wconf 84' lang='lat' dir='ltr'>animos</span> <span class='ocrx_word' id='word_1_47' title='bbox 540 1294 616 1379; x_wconf 88' lang='lat' dir='ltr'>ejus</span> <span class='ocrx_word' id='word_1_48' title='bbox 631 1294 850 1371; x_wconf 82' lang='lat' dir='ltr'>sustulerant,</span> <span class='ocrx_word' id='word_1_49' title='bbox 867 1293 998 1376; x_wconf 87' lang='lat' dir='ltr'>paranti</span> <span class='ocrx_word' id='word_1_50' title='bbox 1019 1292 1172 1377; x_wconf 85' lang='lat' dir='ltr'>trajicere</span> <span class='ocrx_word' id='word_1_51' title='bbox 1185 1293 1219 1357; x_wconf 93' lang='lat' dir='ltr'>in</span> <span class='ocrx_word' id='word_1_52' title='bbox 1234 1291 1397 1371; x_wconf 76' lang='lat' dir='ltr'>Africam,</span> <span class='ocrx_word' id='word_1_53' title='bbox 1409 1313 1500 1358; x_wconf 91' lang='lat' dir='ltr'>uuu-</span> 
     </span>
     <span class='ocr_line' id='line_1_9' title="bbox 394 1396 1499 1482; baseline -0.002 -19"><span class='ocrx_word' id='word_1_54' title='bbox 394 1398 516 1465; x_wconf 87' lang='lat' dir='ltr'>tiatum</span> <span class='ocrx_word' id='word_1_55' title='bbox 529 1399 572 1464; x_wconf 93' lang='lat' dir='ltr'>ab</span> <span class='ocrx_word' id='word_1_56' title='bbox 582 1397 782 1482; x_wconf 77' lang='lat' dir='ltr'>Carthagine</span> <span class='ocrx_word' id='word_1_57' title='bbox 793 1404 859 1474; x_wconf 86' lang='lat' dir='ltr'>est,</span> <span class='ocrx_word' id='word_1_58' title='bbox 869 1396 989 1479; x_wconf 90' lang='lat' dir='ltr'>jubere</span> <span class='ocrx_word' id='word_1_59' title='bbox 999 1404 1158 1473; x_wconf 71' lang='lat' dir='ltr'>meatum,</span> <span class='ocrx_word' id='word_1_60' title='bbox 1172 1403 1213 1460; x_wconf 91' lang='lat' dir='ltr'>ut</span> <span class='ocrx_word' id='word_1_61' title='bbox 1226 1396 1381 1475; x_wconf 86' lang='lat' dir='ltr'>classem,</span> <span class='ocrx_word' id='word_1_62' title='bbox 1392 1415 1499 1481; x_wconf 86' lang='lat' dir='ltr'>quarn</span> 
     </span>
     <span class='ocr_line' id='line_1_10' title="bbox 396 1495 1499 1582; baseline -0.003 -16"><span class='ocrx_word' id='word_1_63' title='bbox 396 1499 552 1566; x_wconf 78' lang='lat' dir='ltr'>Gadibus</span> <span class='ocrx_word' id='word_1_64' title='bbox 565 1500 712 1578; x_wconf 87' lang='lat' dir='ltr'>haberet,</span> <span class='ocrx_word' id='word_1_65' title='bbox 725 1500 760 1563; x_wconf 89' lang='lat' dir='ltr'>in</span> <span class='ocrx_word' id='word_1_66' title='bbox 775 1498 912 1565; x_wconf 84' lang='lat' dir='ltr'>Italiam</span> <span class='ocrx_word' id='word_1_67' title='bbox 932 1497 1118 1582; x_wconf 77' lang='lat' dir='ltr'>trajiccrct3</span> <span class='ocrx_word' id='word_1_68' title='bbox 1140 1495 1328 1563; x_wconf 83' lang='lat' dir='ltr'>conducta⁶</span> <span class='ocrx_word' id='word_1_69' title='bbox 1349 1498 1396 1563; x_wconf 92' lang='lat' dir='ltr'>ibi</span> <span class='ocrx_word' id='word_1_70' title='bbox 1412 1497 1499 1563; x_wconf 86' lang='lat' dir='ltr'>Gal·</span> 
     </span>
     <span class='ocr_line' id='line_1_11' title="bbox 393 1600 1501 1684; baseline -0.002 -17"><span class='ocrx_word' id='word_1_71' title='bbox 393 1602 503 1667; x_wconf 90' lang='lat' dir='ltr'>lorum</span> <span class='ocrx_word' id='word_1_72' title='bbox 518 1620 560 1667; x_wconf 87' lang='lat' dir='ltr'>ao</span> <span class='ocrx_word' id='word_1_73' title='bbox 575 1600 732 1684; x_wconf 78' lang='lat' dir='ltr'>Ligurum</span> <span class='ocrx_word' id='word_1_74' title='bbox 747 1607 876 1684; x_wconf 89' lang='lat' dir='ltr'>quanta</span> <span class='ocrx_word' id='word_1_75' title='bbox 897 1601 1046 1665; x_wconf 85' lang='lat' dir='ltr'>maxima</span> <span class='ocrx_word' id='word_1_76' title='bbox 1068 1606 1187 1684; x_wconf 83' lang='lat' dir='ltr'>posset</span> <span class='ocrx_word' id='word_1_77' title='bbox 1207 1601 1398 1684; x_wconf 78' lang='lat' dir='ltr'>juventute,</span> <span class='ocrx_word' id='word_1_78' title='bbox 1414 1622 1501 1667; x_wconf 89' lang='lat' dir='ltr'>oon·</span> 
     </span>
     <span class='ocr_line' id='line_1_12' title="bbox 389 1703 1501 1791; baseline 0.002 -23"><span class='ocrx_word' id='word_1_79' title='bbox 389 1706 548 1791; x_wconf 84' lang='lat' dir='ltr'>jungeret</span> <span class='ocrx_word' id='word_1_80' title='bbox 562 1724 599 1769; x_wconf 90' lang='lat' dir='ltr'>se</span> <span class='ocrx_word' id='word_1_81' title='bbox 616 1703 822 1785; x_wconf 80' lang='lat' dir='ltr'>Hannibali3</span> <span class='ocrx_word' id='word_1_82' title='bbox 844 1722 912 1769; x_wconf 85' lang='lat' dir='ltr'>neu</span> <span class='ocrx_word' id='word_1_83' title='bbox 927 1722 1098 1767; x_wconf 84' lang='lat' dir='ltr'>senescere</span> <span class='ocrx_word' id='word_1_84' title='bbox 1117 1703 1252 1781; x_wconf 84' lang='lat' dir='ltr'>bollum,</span> <span class='ocrx_word' id='word_1_85' title='bbox 1272 1706 1421 1771; x_wconf 83' lang='lat' dir='ltr'>maximo</span> <span class='ocrx_word' id='word_1_86' title='bbox 1435 1707 1501 1783; x_wconf 55' lang='lat' dir='ltr'>im,-</span> 
     </span>
     <span class='ocr_line' id='line_1_13' title="bbox 395 1800 1499 1892; baseline 0.003 -20"><span class='ocrx_word' id='word_1_87' title='bbox 395 1800 486 1890; x_wconf 86' lang='lat' dir='ltr'>petu,</span> <span class='ocrx_word' id='word_1_88' title='bbox 504 1806 631 1892; x_wconf 88' lang='lat' dir='ltr'>majore</span> <span class='ocrx_word' id='word_1_89' title='bbox 653 1806 788 1871; x_wconf 81' lang='lat' dir='ltr'>fortuna</span> <span class='ocrx_word' id='word_1_90' title='bbox 808 1812 970 1890; x_wconf 83' lang='lat' dir='ltr'>coeptum,</span> <span class='ocrx_word' id='word_1_91' title='bbox 989 1807 1123 1872; x_wconf 83' lang='lat' dir='ltr'>sineret.</span> <span class='ocrx_word' id='word_1_92' title='bbox 1167 1806 1225 1872; x_wconf 84' lang='lat' dir='ltr'>Ad</span> <span class='ocrx_word' id='word_1_93' title='bbox 1242 1825 1316 1874; x_wconf 88' lang='lat' dir='ltr'>eam</span> <span class='ocrx_word' id='word_1_94' title='bbox 1331 1828 1398 1873; x_wconf 83' lang='lat' dir='ltr'>rem</span> <span class='ocrx_word' id='word_1_95' title='bbox 1420 1814 1455 1875; x_wconf 86' lang='lat' dir='ltr'>et</span> <span class='ocrx_word' id='word_1_96' title='bbox 1476 1828 1499 1875; x_wconf 90' lang='lat' dir='ltr'>a</span> 
     </span>
     <span class='ocr_line' id='line_1_14' title="bbox 396 1907 1499 1995; baseline 0.002 -21"><span class='ocrx_word' id='word_1_97' title='bbox 396 1908 598 1992; x_wconf 83' lang='lat' dir='ltr'>Carthagine</span> <span class='ocrx_word' id='word_1_98' title='bbox 613 1910 762 1993; x_wconf 88' lang='lat' dir='ltr'>pecunia</span> <span class='ocrx_word' id='word_1_99' title='bbox 776 1908 915 1991; x_wconf 86' lang='lat' dir='ltr'>Magoni</span> <span class='ocrx_word' id='word_1_100' title='bbox 930 1907 1072 1975; x_wconf 84' lang='lat' dir='ltr'>advecta</span> <span class='ocrx_word' id='word_1_101' title='bbox 1089 1915 1160 1990; x_wconf 68' lang='grc' dir='ltr'>θείς</span> <span class='ocrx_word' id='word_1_102' title='bbox 1181 1910 1317 1995; x_wconf 86' lang='lat' dir='ltr'>etipse,</span> <span class='ocrx_word' id='word_1_103' title='bbox 1332 1919 1499 1995; x_wconf 86' lang='lat' dir='ltr'>quantam</span> 
     </span>
     <span class='ocr_line' id='line_1_15' title="bbox 396 2010 1499 2096; baseline 0.002 -19"><span class='ocrx_word' id='word_1_104' title='bbox 396 2013 517 2096; x_wconf 84' lang='lat' dir='ltr'>potuit,</span> <span class='ocrx_word' id='word_1_105' title='bbox 541 2031 564 2076; x_wconf 90' lang='lat' dir='ltr'>a</span> <span class='ocrx_word' id='word_1_106' title='bbox 586 2010 770 2076; x_wconf 77' lang='lat' dir='ltr'>Gaditanis</span> <span class='ocrx_word' id='word_1_107' title='bbox 791 2010 920 2092; x_wconf 83' lang='lat' dir='ltr'>exegit,</span> <span class='ocrx_word' id='word_1_108' title='bbox 941 2030 1007 2075; x_wconf 89' lang='lat' dir='ltr'>uon</span> <span class='ocrx_word' id='word_1_109' title='bbox 1026 2012 1144 2076; x_wconf 65' lang='lat' dir='ltr'>aerario</span> <span class='ocrx_word' id='word_1_110' title='bbox 1164 2011 1268 2078; x_wconf 91' lang='lat' dir='ltr'>modo</span> <span class='ocrx_word' id='word_1_111' title='bbox 1289 2033 1417 2091; x_wconf 86' lang='lat' dir='ltr'>eornm,</span> <span class='ocrx_word' id='word_1_112' title='bbox 1438 2013 1499 2079; x_wconf 92' lang='lat' dir='ltr'>sed</span> 
     </span>
     <span class='ocr_line' id='line_1_16' title="bbox 395 2111 1500 2196; baseline 0 -17"><span class='ocrx_word' id='word_1_113' title='bbox 395 2115 497 2180; x_wconf 85' lang='lat' dir='ltr'>etium</span> <span class='ocrx_word' id='word_1_114' title='bbox 512 2111 648 2195; x_wconf 80' lang='lat' dir='ltr'>templis</span> <span class='ocrx_word' id='word_1_115' title='bbox 664 2112 829 2196; x_wconf 84' lang='lat' dir='ltr'>spoliatis,</span> <span class='ocrx_word' id='word_1_116' title='bbox 844 2118 879 2175; x_wconf 86' lang='lat' dir='ltr'>et</span> <span class='ocrx_word' id='word_1_117' title='bbox 892 2113 1050 2196; x_wconf 83' lang='lat' dir='ltr'>privatim</span> <span class='ocrx_word' id='word_1_118' title='bbox 1065 2113 1221 2178; x_wconf 89' lang='lat' dir='ltr'>omuibus</span> <span class='ocrx_word' id='word_1_119' title='bbox 1235 2116 1367 2180; x_wconf 82' lang='lat' dir='ltr'>coactis</span> <span class='ocrx_word' id='word_1_120' title='bbox 1380 2135 1500 2180; x_wconf 87' lang='lat' dir='ltr'>aurum</span> 
     </span>
     <span class='ocr_line' id='line_1_17' title="bbox 396 2214 1501 2301; baseline 0 -18"><span class='ocrx_word' id='word_1_121' title='bbox 396 2223 636 2300; x_wconf 76' lang='lat' dir='ltr'>argentumque</span> <span class='ocrx_word' id='word_1_122' title='bbox 656 2214 691 2280; x_wconf 93' lang='lat' dir='ltr'>in</span> <span class='ocrx_word' id='word_1_123' title='bbox 711 2214 883 2299; x_wconf 89' lang='lat' dir='ltr'>publicum</span> <span class='ocrx_word' id='word_1_124' title='bbox 902 2214 1061 2279; x_wconf 79' lang='lat' dir='ltr'>conferre.</span> <span class='ocrx_word' id='word_1_125' title='bbox 1105 2214 1189 2281; x_wconf 85' lang='lat' dir='ltr'>Cum</span> <span class='ocrx_word' id='word_1_126' title='bbox 1205 2219 1501 2301; x_wconf 82' lang='lat' dir='ltr'>praeterveberetur</span> 
     </span>
     <span class='ocr_line' id='line_1_18' title="bbox 397 2317 1501 2405; baseline -0.004 -15"><span class='ocrx_word' id='word_1_127' title='bbox 397 2319 580 2405; x_wconf 73' lang='lat' dir='ltr'>Hispania</span> <span class='ocrx_word' id='word_1_128' title='bbox 605 2336 708 2395; x_wconf 89' lang='lat' dir='ltr'>oraru,</span> <span class='ocrx_word' id='word_1_129' title='bbox 723 2317 815 2382; x_wconf 89' lang='lat' dir='ltr'>haud</span> <span class='ocrx_word' id='word_1_130' title='bbox 838 2318 957 2402; x_wconf 85' lang='lat' dir='ltr'>procul</span> <span class='ocrx_word' id='word_1_131' title='bbox 977 2317 1180 2401; x_wconf 84' lang='lat' dir='ltr'>Cartbagine</span> <span class='ocrx_word' id='word_1_132' title='bbox 1206 2318 1310 2385; x_wconf 85' lang='lat' dir='ltr'>Nova</span> <span class='ocrx_word' id='word_1_133' title='bbox 1330 2322 1501 2405; x_wconf 80' lang='lat' dir='ltr'>expositis</span> 
     </span>
     <span class='ocr_line' id='line_1_19' title="bbox 330 2419 1500 2505; baseline 0.003 -18"><span class='ocrx_word' id='word_1_134' title='bbox 330 2424 337 2435; x_wconf 93' lang='lat'>&#39;</span> <span class='ocrx_word' id='word_1_135' title='bbox 395 2422 430 2487; x_wconf 91' lang='lat' dir='ltr'>in</span> <span class='ocrx_word' id='word_1_136' title='bbox 453 2430 572 2489; x_wconf 81' lang='lat' dir='ltr'>terram</span> <span class='ocrx_word' id='word_1_137' title='bbox 594 2420 768 2499; x_wconf 85' lang='lat' dir='ltr'>militibus,</span> <span class='ocrx_word' id='word_1_138' title='bbox 782 2420 958 2504; x_wconf 84' lang='lat' dir='ltr'>proximos</span> <span class='ocrx_word' id='word_1_139' title='bbox 977 2419 1203 2505; x_wconf 81' lang='lat' dir='ltr'>depopulatus</span> <span class='ocrx_word' id='word_1_140' title='bbox 1224 2440 1335 2504; x_wconf 87' lang='lat' dir='ltr'>agros,</span> <span class='ocrx_word' id='word_1_141' title='bbox 1350 2422 1432 2487; x_wconf 86' lang='lat' dir='ltr'>iude</span> <span class='ocrx_word' id='word_1_142' title='bbox 1453 2422 1500 2492; x_wconf 90' lang='lat' dir='ltr'>ad</span> 
     </span>
     <span class='ocr_line' id='line_1_20' title="bbox 396 2521 1502 2607; baseline 0 -16"><span class='ocrx_word' id='word_1_143' title='bbox 396 2526 513 2591; x_wconf 84' lang='lat' dir='ltr'>urbem</span> <span class='ocrx_word' id='word_1_144' title='bbox 529 2523 673 2591; x_wconf 85' lang='lat' dir='ltr'>classem</span> <span class='ocrx_word' id='word_1_145' title='bbox 688 2523 830 2607; x_wconf 75' lang='lat' dir='ltr'>appulit.</span> <span class='ocrx_word' id='word_1_146' title='bbox 873 2521 930 2587; x_wconf 91' lang='lat' dir='ltr'>Ibi</span> <span class='ocrx_word' id='word_1_147' title='bbox 946 2541 1023 2587; x_wconf 89' lang='lat' dir='ltr'>cum</span> <span class='ocrx_word' id='word_1_148' title='bbox 1037 2523 1180 2587; x_wconf 86' lang='lat' dir='ltr'>interdiu</span> <span class='ocrx_word' id='word_1_149' title='bbox 1202 2524 1326 2589; x_wconf 86' lang='lat' dir='ltr'>milites</span> <span class='ocrx_word' id='word_1_150' title='bbox 1346 2526 1383 2590; x_wconf 90' lang='lat' dir='ltr'>in</span> <span class='ocrx_word' id='word_1_151' title='bbox 1405 2525 1502 2591; x_wconf 84' lang='lat' dir='ltr'>nari·</span> 
     </span>
     <span class='ocr_line' id='line_1_21' title="bbox 397 2625 1500 2712; baseline 0 -19"><span class='ocrx_word' id='word_1_152' title='bbox 397 2630 463 2694; x_wconf 90' lang='lat' dir='ltr'>bus</span> <span class='ocrx_word' id='word_1_153' title='bbox 478 2627 654 2706; x_wconf 84' lang='lat' dir='ltr'>tenuisset,</span> <span class='ocrx_word' id='word_1_154' title='bbox 668 2633 770 2692; x_wconf 90' lang='lat' dir='ltr'>nocte</span> <span class='ocrx_word' id='word_1_155' title='bbox 786 2627 821 2691; x_wconf 93' lang='lat' dir='ltr'>in</span> <span class='ocrx_word' id='word_1_156' title='bbox 834 2625 932 2691; x_wconf 89' lang='lat' dir='ltr'>littus</span> <span class='ocrx_word' id='word_1_157' title='bbox 947 2627 1123 2710; x_wconf 86' lang='lat' dir='ltr'>expositos</span> <span class='ocrx_word' id='word_1_158' title='bbox 1136 2627 1180 2693; x_wconf 86' lang='lat' dir='ltr'>ad</span> <span class='ocrx_word' id='word_1_159' title='bbox 1194 2635 1324 2712; x_wconf 81' lang='lat' dir='ltr'>purtem</span> <span class='ocrx_word' id='word_1_160' title='bbox 1339 2647 1414 2692; x_wconf 88' lang='lat' dir='ltr'>earu</span> <span class='ocrx_word' id='word_1_161' title='bbox 1426 2648 1500 2693; x_wconf 91' lang='lat' dir='ltr'>mu-</span> 
     </span>
     <span class='ocr_line' id='line_1_22' title="bbox 396 2727 1501 2814; baseline 0 -18"><span class='ocrx_word' id='word_1_162' title='bbox 396 2730 438 2810; x_wconf 87' lang='lat' dir='ltr'>ri,</span> <span class='ocrx_word' id='word_1_163' title='bbox 467 2749 535 2814; x_wconf 89' lang='lat' dir='ltr'>qua</span> <span class='ocrx_word' id='word_1_164' title='bbox 560 2735 663 2813; x_wconf 85' lang='lat' dir='ltr'>capta</span> <span class='ocrx_word' id='word_1_165' title='bbox 687 2727 855 2810; x_wconf 84' lang='lat' dir='ltr'>Carthago</span> <span class='ocrx_word' id='word_1_166' title='bbox 882 2728 926 2792; x_wconf 86' lang='lat' dir='ltr'>ab</span> <span class='ocrx_word' id='word_1_167' title='bbox 952 2727 1115 2793; x_wconf 78' lang='lat' dir='ltr'>Romame</span> <span class='ocrx_word' id='word_1_168' title='bbox 1138 2729 1263 2809; x_wconf 79' lang='lat' dir='ltr'>iuerat,</span> <span class='ocrx_word' id='word_1_169' title='bbox 1291 2730 1406 2812; x_wconf 84' lang='lat' dir='ltr'>ducit3</span> <span class='ocrx_word' id='word_1_170' title='bbox 1437 2750 1501 2796; x_wconf 85' lang='lat' dir='ltr'>nec</span> 
     </span>
     <span class='ocr_line' id='line_1_23' title="bbox 399 2830 1502 2919; baseline 0.002 -23"><span class='ocrx_word' id='word_1_171' title='bbox 399 2830 561 2918; x_wconf 73' lang='lat' dir='ltr'>prasidio</span> <span class='ocrx_word' id='word_1_172' title='bbox 576 2832 661 2897; x_wconf 85' lang='lat' dir='ltr'>satis</span> <span class='ocrx_word' id='word_1_173' title='bbox 673 2830 789 2896; x_wconf 83' lang='lat' dir='ltr'>valido</span> <span class='ocrx_word' id='word_1_174' title='bbox 805 2831 920 2894; x_wconf 90' lang='lat' dir='ltr'>urbem</span> <span class='ocrx_word' id='word_1_175' title='bbox 934 2831 1040 2895; x_wconf 90' lang='lat' dir='ltr'>teneri</span> <span class='ocrx_word' id='word_1_176' title='bbox 1054 2840 1163 2911; x_wconf 83' lang='lat' dir='ltr'>ratus,</span> <span class='ocrx_word' id='word_1_177' title='bbox 1184 2841 1221 2897; x_wconf 90' lang='lat' dir='ltr'>et</span> <span class='ocrx_word' id='word_1_178' title='bbox 1242 2832 1380 2916; x_wconf 88' lang='lat' dir='ltr'>aliquos</span> <span class='ocrx_word' id='word_1_179' title='bbox 1401 2835 1502 2919; x_wconf 84' lang='lat' dir='ltr'>oppi-</span> 
     </span>
     <span class='ocr_line' id='line_1_24' title="bbox 399 2933 1502 3019; baseline 0.001 -18"><span class='ocrx_word' id='word_1_180' title='bbox 399 2936 565 3002; x_wconf 90' lang='lat' dir='ltr'>danorum</span> <span class='ocrx_word' id='word_1_181' title='bbox 583 2935 627 3000; x_wconf 91' lang='lat' dir='ltr'>ad</span> <span class='ocrx_word' id='word_1_182' title='bbox 643 2954 737 3019; x_wconf 83' lang='lat' dir='ltr'>spem</span> <span class='ocrx_word' id='word_1_183' title='bbox 753 2933 900 3000; x_wconf 84' lang='lat' dir='ltr'>uorandi</span> <span class='ocrx_word' id='word_1_184' title='bbox 914 2953 968 2998; x_wconf 87' lang='lat' dir='ltr'>res</span> <span class='ocrx_word' id='word_1_185' title='bbox 987 2933 1117 3018; x_wconf 87' lang='lat' dir='ltr'>aliquid</span> <span class='ocrx_word' id='word_1_186' title='bbox 1134 2940 1297 3001; x_wconf 88' lang='lat' dir='ltr'>moturos.</span> <span class='ocrx_word' id='word_1_187' title='bbox 1340 2933 1502 3002; x_wconf 79' lang='lat' dir='ltr'>Ceterum</span> 
     </span>
     <span class='ocr_line' id='line_1_25' title="bbox 397 3036 1501 3122; baseline -0.002 -18"><span class='ocrx_word' id='word_1_188' title='bbox 397 3038 506 3104; x_wconf 88' lang='lat' dir='ltr'>nuntii</span> <span class='ocrx_word' id='word_1_189' title='bbox 531 3057 576 3104; x_wconf 82' lang='lat' dir='ltr'>ox</span> <span class='ocrx_word' id='word_1_190' title='bbox 601 3037 689 3122; x_wconf 88' lang='lat' dir='ltr'>agris</span> <span class='ocrx_word' id='word_1_191' title='bbox 714 3036 838 3121; x_wconf 87' lang='lat' dir='ltr'>trepidi</span> <span class='ocrx_word' id='word_1_192' title='bbox 861 3037 959 3102; x_wconf 87' lang='lat' dir='ltr'>simul</span> <span class='ocrx_word' id='word_1_193' title='bbox 981 3037 1235 3121; x_wconf 88' lang='lat' dir='ltr'>populationem</span> <span class='ocrx_word' id='word_1_194' title='bbox 1251 3040 1501 3122; x_wconf 82' lang='lat' dir='ltr'>agrestiumque</span> 
     </span>
     <span class='ocr_line' id='line_1_26' title="bbox 397 3139 1502 3226; baseline -0.001 -19"><span class='ocrx_word' id='word_1_195' title='bbox 397 3143 512 3226; x_wconf 82' lang='lat' dir='ltr'>lugam</span> <span class='ocrx_word' id='word_1_196' title='bbox 539 3147 575 3206; x_wconf 83' lang='lat' dir='ltr'>ot</span> <span class='ocrx_word' id='word_1_197' title='bbox 602 3139 745 3206; x_wconf 90' lang='lat' dir='ltr'>hostium</span> <span class='ocrx_word' id='word_1_198' title='bbox 771 3139 949 3206; x_wconf 84' lang='lat' dir='ltr'>adventum</span> <span class='ocrx_word' id='word_1_199' title='bbox 976 3139 1176 3220; x_wconf 78' lang='lat' dir='ltr'>attulerant3</span> <span class='ocrx_word' id='word_1_200' title='bbox 1198 3149 1235 3206; x_wconf 85' lang='lat' dir='ltr'>ct</span> <span class='ocrx_word' id='word_1_201' title='bbox 1257 3141 1333 3206; x_wconf 84' lang='lat' dir='ltr'>visa</span> <span class='ocrx_word' id='word_1_202' title='bbox 1354 3142 1502 3207; x_wconf 85' lang='lat' dir='ltr'>interdiu</span> 
     </span>
     <span class='ocr_line' id='line_1_27' title="bbox 398 3243 1502 3323; baseline 0 -13"><span class='ocrx_word' id='word_1_203' title='bbox 398 3245 523 3310; x_wconf 84' lang='lat' dir='ltr'>classis</span> <span class='ocrx_word' id='word_1_204' title='bbox 540 3251 622 3323; x_wconf 86' lang='lat' dir='ltr'>erat,</span> <span class='ocrx_word' id='word_1_205' title='bbox 637 3263 699 3308; x_wconf 88' lang='lat' dir='ltr'>neo</span> <span class='ocrx_word' id='word_1_206' title='bbox 715 3244 786 3310; x_wconf 87' lang='lat' dir='ltr'>sino</span> <span class='ocrx_word' id='word_1_207' title='bbox 800 3263 907 3310; x_wconf 88' lang='lat' dir='ltr'>causa</span> <span class='ocrx_word' id='word_1_208' title='bbox 921 3243 1083 3309; x_wconf 69' lang='lat' dir='ltr'>electam?</span> <span class='ocrx_word' id='word_1_209' title='bbox 1097 3250 1176 3308; x_wconf 88' lang='lat' dir='ltr'>ante</span> <span class='ocrx_word' id='word_1_210' title='bbox 1192 3245 1303 3311; x_wconf 89' lang='lat' dir='ltr'>urbem</span> <span class='ocrx_word' id='word_1_211' title='bbox 1316 3246 1502 3311; x_wconf 84' lang='lat' dir='ltr'>stationem</span> 
     </span>
     <span class='ocr_line' id='line_1_28' title="bbox 399 3345 1503 3432; baseline -0.001 -19"><span class='ocrx_word' id='word_1_212' title='bbox 399 3349 593 3432; x_wconf 86' lang='lat' dir='ltr'>apparebat.</span> <span class='ocrx_word' id='word_1_213' title='bbox 637 3345 761 3431; x_wconf 86' lang='lat' dir='ltr'>Itaque</span> <span class='ocrx_word' id='word_1_214' title='bbox 786 3347 940 3412; x_wconf 81' lang='lat' dir='ltr'>instructi</span> <span class='ocrx_word' id='word_1_215' title='bbox 964 3347 1170 3430; x_wconf 75' lang='lat' dir='ltr'>armatique¹</span> <span class='ocrx_word' id='word_1_216' title='bbox 1190 3348 1280 3412; x_wconf 89' lang='lat' dir='ltr'>intra</span> <span class='ocrx_word' id='word_1_217' title='bbox 1298 3354 1440 3432; x_wconf 88' lang='lat' dir='ltr'>portam,</span> <span class='ocrx_word' id='word_1_218' title='bbox 1456 3347 1503 3412; x_wconf 89' lang='lat' dir='ltr'>ad</span> 
     </span>
     <span class='ocr_line' id='line_1_29' title="bbox 400 3448 1503 3534; baseline -0.002 -18"><span class='ocrx_word' id='word_1_219' title='bbox 400 3461 554 3534; x_wconf 85' lang='lat' dir='ltr'>stagnum</span> <span class='ocrx_word' id='word_1_220' title='bbox 578 3469 620 3514; x_wconf 87' lang='lat' dir='ltr'>ao</span> <span class='ocrx_word' id='word_1_221' title='bbox 642 3469 733 3513; x_wconf 89' lang='lat' dir='ltr'>mare</span> <span class='ocrx_word' id='word_1_222' title='bbox 749 3469 894 3528; x_wconf 69' lang='lat' dir='ltr'>versam</span> <span class='ocrx_word' id='word_1_223' title='bbox 910 3449 1175 3515; x_wconf 84' lang='lat' dir='ltr'>continebantur.</span> <span class='ocrx_word' id='word_1_224' title='bbox 1221 3448 1290 3514; x_wconf 88' lang='lat' dir='ltr'>Ubi</span> <span class='ocrx_word' id='word_1_225' title='bbox 1305 3448 1403 3514; x_wconf 81' lang='lat' dir='ltr'>effusi</span> <span class='ocrx_word' id='word_1_226' title='bbox 1419 3449 1503 3515; x_wconf 87' lang='lat' dir='ltr'>bos·</span> 
     </span>
     <span class='ocr_line' id='line_1_30' title="bbox 399 3549 1502 3634; baseline 0 -16"><span class='ocrx_word' id='word_1_227' title='bbox 399 3559 465 3634; x_wconf 86' lang='lat' dir='ltr'>tes,</span> <span class='ocrx_word' id='word_1_228' title='bbox 480 3553 588 3620; x_wconf 85' lang='lat' dir='ltr'>mixta</span> <span class='ocrx_word' id='word_1_229' title='bbox 601 3553 685 3618; x_wconf 89' lang='lat' dir='ltr'>iuter</span> <span class='ocrx_word' id='word_1_230' title='bbox 699 3552 825 3618; x_wconf 85' lang='lat' dir='ltr'>milites</span> <span class='ocrx_word' id='word_1_231' title='bbox 839 3549 994 3618; x_wconf 79' lang='lat' dir='ltr'>uanalis⁸</span> <span class='ocrx_word' id='word_1_232' title='bbox 1016 3552 1141 3630; x_wconf 67' lang='lat' dir='ltr'>turba,l</span> <span class='ocrx_word' id='word_1_233' title='bbox 1160 3551 1204 3616; x_wconf 91' lang='lat' dir='ltr'>ad</span> <span class='ocrx_word' id='word_1_234' title='bbox 1224 3571 1338 3618; x_wconf 90' lang='lat' dir='ltr'>muros</span> <span class='ocrx_word' id='word_1_235' title='bbox 1357 3553 1502 3618; x_wconf 85' lang='lat' dir='ltr'>tumultu</span> 
     </span>
    </p>
   </div>
   <div class='ocr_carea' id='block_1_3' title="bbox 432 3847 1504 3920">
    <p class='ocr_par' dir='ltr' id='par_1_4' title="bbox 432 3847 1504 3920">
     <span class='ocr_line' id='line_1_31' title="bbox 432 3847 1504 3920; baseline 0 -18"><span class='ocrx_word' id='word_1_236' title='bbox 432 3852 633 3920; x_wconf 67' lang='lat' dir='ltr'>demumque</span> <span class='ocrx_word' id='word_1_237' title='bbox 654 3849 722 3902; x_wconf 84' lang='lat' dir='ltr'>Edd.</span> <span class='ocrx_word' id='word_1_238' title='bbox 745 3857 806 3901; x_wconf 80' lang='lat' dir='ltr'>ante</span> <span class='ocrx_word' id='word_1_239' title='bbox 829 3851 960 3901; x_wconf 74' lang='lat' dir='ltr'>Grau-t</span> <span class='ocrx_word' id='word_1_240' title='bbox 976 3847 1104 3899; x_wconf 83' lang='lat' dir='ltr'>‘Plurimi</span> <span class='ocrx_word' id='word_1_241' title='bbox 1118 3847 1185 3897; x_wconf 75' lang='lat' dir='ltr'>blus.</span> <span class='ocrx_word' id='word_1_242' title='bbox 1204 3852 1326 3898; x_wconf 66' lang='lat' dir='ltr'>mm:</span> <span class='ocrx_word' id='word_1_243' title='bbox 1341 3849 1504 3914; x_wconf 66' lang='lat' dir='ltr'>stupam-0</span> 
     </span>
    </p>
   </div>
   <div class='ocr_carea' id='block_1_4' title="bbox 895 4003 1005 4057">
    <p class='ocr_par' dir='ltr' id='par_1_5' title="bbox 895 4003 1005 4057">
     <span class='ocr_line' id='line_1_32' title="bbox 895 4003 1005 4057; baseline -0.018 0"><span class='ocrx_word' id='word_1_244' title='bbox 895 4003 1005 4057; x_wconf 69' lang='lat' dir='ltr'>Nom</span> 
     </span>
    </p>
   </div>
   <div class='ocr_carea' id='block_1_5' title="bbox 399 4101 1526 4477">
    <p class='ocr_par' dir='ltr' id='par_1_6' title="bbox 399 4101 1526 4477">
     <span class='ocr_line' id='line_1_33' title="bbox 433 4101 1526 4171; baseline 0.001 -14"><span class='ocrx_word' id='word_1_245' title='bbox 433 4104 580 4157; x_wconf 64' lang='lat' dir='ltr'>smnus·</span> <span class='ocrx_word' id='word_1_246' title='bbox 590 4102 733 4168; x_wconf 67' lang='lat' dir='ltr'>amarum]</span> <span class='ocrx_word' id='word_1_247' title='bbox 756 4103 932 4170; x_wconf 79' lang='lat' dir='ltr'>Romani,qui</span> <span class='ocrx_word' id='word_1_248' title='bbox 972 4105 1020 4156; x_wconf 84' lang='lat' dir='ltr'>sim</span> <span class='ocrx_word' id='word_1_249' title='bbox 1043 4118 1088 4153; x_wconf 84' lang='lat' dir='ltr'>seu</span> <span class='ocrx_word' id='word_1_250' title='bbox 1117 4103 1306 4168; x_wconf 80' lang='lat' dir='ltr'>appositionem</span> <span class='ocrx_word' id='word_1_251' title='bbox 1330 4103 1382 4155; x_wconf 85' lang='lat' dir='ltr'>dici</span> <span class='ocrx_word' id='word_1_252' title='bbox 1405 4101 1526 4171; x_wconf 80' lang='lat' dir='ltr'>potest‚⁴</span> 
     </span>
     <span class='ocr_line' id='line_1_34' title="bbox 403 4179 1507 4247; baseline 0.002 -14"><span class='ocrx_word' id='word_1_253' title='bbox 403 4183 472 4247; x_wconf 79' lang='lat' dir='ltr'>apud</span> <span class='ocrx_word' id='word_1_254' title='bbox 484 4179 667 4241; x_wconf 80' lang='lat' dir='ltr'>Carthaginem</span> <span class='ocrx_word' id='word_1_255' title='bbox 681 4179 792 4229; x_wconf 85' lang='lat' dir='ltr'>Noram·</span> <span class='ocrx_word' id='word_1_256' title='bbox 972 4196 1023 4232; x_wconf 90' lang='lat' dir='ltr'>nou</span> <span class='ocrx_word' id='word_1_257' title='bbox 1041 4179 1166 4245; x_wconf 77' lang='lat' dir='ltr'>displicet</span> <span class='ocrx_word' id='word_1_258' title='bbox 1188 4187 1276 4229; x_wconf 77' lang='lat' dir='ltr'>tamen</span> <span class='ocrx_word' id='word_1_259' title='bbox 1299 4181 1404 4243; x_wconf 73' lang='lat' dir='ltr'>vulgata</span> <span class='ocrx_word' id='word_1_260' title='bbox 1425 4185 1507 4235; x_wconf 78' lang='lat' dir='ltr'>lectio</span> 
     </span>
     <span class='ocr_line' id='line_1_35' title="bbox 434 4255 1508 4322; baseline 0.01 -19"><span class='ocrx_word' id='word_1_261' title='bbox 434 4269 445 4303; x_wconf 88' lang='lat' dir='ltr'>r</span> <span class='ocrx_word' id='word_1_262' title='bbox 463 4258 546 4309; x_wconf 76' lang='lat' dir='ltr'>tdlxto</span> <span class='ocrx_word' id='word_1_263' title='bbox 561 4257 626 4308; x_wconf 81' lang='lat' dir='ltr'>later</span> <span class='ocrx_word' id='word_1_264' title='bbox 635 4255 725 4305; x_wconf 73' lang='lat' dir='ltr'>nuditer</span> <span class='ocrx_word' id='word_1_265' title='bbox 739 4256 831 4308; x_wconf 70' lang='lat' dir='ltr'>soumis</span> <span class='ocrx_word' id='word_1_266' title='bbox 852 4258 933 4322; x_wconf 78' lang='lat' dir='ltr'>turis]</span> <span class='ocrx_word' id='word_1_267' title='bbox 972 4259 1109 4310; x_wconf 83' lang='lat' dir='ltr'>intellectu</span> <span class='ocrx_word' id='word_1_268' title='bbox 1124 4255 1227 4307; x_wconf 75' lang='lat' dir='ltr'>facilior</span> <span class='ocrx_word' id='word_1_269' title='bbox 1244 4271 1292 4322; x_wconf 84' lang='lat' dir='ltr'>per</span> <span class='ocrx_word' id='word_1_270' title='bbox 1306 4256 1442 4312; x_wconf 74' lang='lat' dir='ltr'>auferarmi</span> <span class='ocrx_word' id='word_1_271' title='bbox 1461 4277 1508 4314; x_wconf 79' lang='lat' dir='ltr'>ca·</span> 
     </span>
     <span class='ocr_line' id='line_1_36' title="bbox 399 4332 1038 4398; baseline 0 -11"><span class='ocrx_word' id='word_1_272' title='bbox 399 4335 460 4390; x_wconf 78' lang='lat' dir='ltr'>&#39;Etsi</span> <span class='ocrx_word' id='word_1_273' title='bbox 473 4335 498 4384; x_wconf 95' lang='lat' dir='ltr'>in</span> <span class='ocrx_word' id='word_1_274' title='bbox 517 4333 671 4396; x_wconf 84' lang='lat' dir='ltr'>scriptorum</span> <span class='ocrx_word' id='word_1_275' title='bbox 691 4332 822 4398; x_wconf 79' lang='lat' dir='ltr'>plerisque</span> <span class='ocrx_word' id='word_1_276' title='bbox 841 4335 937 4385; x_wconf 74' lang='lat' dir='ltr'>turben·¹</span> <span class='ocrx_word' id='word_1_277' title='bbox 972 4352 1038 4387; x_wconf 81' lang='lat' dir='ltr'>sum.</span> 
     </span>
     <span class='ocr_line' id='line_1_37' title="bbox 403 4407 933 4477; baseline -0.008 -11"><span class='ocrx_word' id='word_1_278' title='bbox 403 4420 445 4467; x_wconf 86' lang='lat' dir='ltr'>tur</span> <span class='ocrx_word' id='word_1_279' title='bbox 457 4411 548 4463; x_wconf 75' lang='lat' dir='ltr'>neoclis</span> <span class='ocrx_word' id='word_1_280' title='bbox 559 4407 638 4474; x_wconf 82' lang='lat' dir='ltr'>turdo,</span> <span class='ocrx_word' id='word_1_281' title='bbox 649 4409 719 4475; x_wconf 91' lang='lat' dir='ltr'>quod</span> <span class='ocrx_word' id='word_1_282' title='bbox 739 4425 787 4476; x_wconf 83' lang='lat' dir='ltr'>per</span> <span class='ocrx_word' id='word_1_283' title='bbox 804 4426 933 4477; x_wconf 76' lang='lat' dir='ltr'>rpasege·</span> 
     </span>
    </p>
   </div>
   <div class='ocr_carea' id='block_1_6' title="bbox 0 0 1646 5225">
    <p class='ocr_par' dir='ltr' id='par_1_7' title="bbox 0 0 1646 5225">
     <span class='ocr_line' id='line_1_38' title="bbox 0 0 1646 5225; baseline 0 0"><span class='ocrx_word' id='word_1_284' title='bbox 0 0 1646 5225; x_wconf 95' lang='lat' dir='ltr'> </span> 
     </span>
    </p>
   </div>
  </div>
 </body>
</html>
