3259 5225
465 480 539 530 ets.
562 481 694 530 xxvtt.
717 481 800 533 err.
822 464 856 531 8.
1123 463 1213 534 aaut

106 625 257 691 Senatus
278 625 431 710 populi²³
453 631 657 711 potestatem
677 625 782 693 feeit-⁰
825 626 882 693 lta
901 627 1030 712 primus
1051 647 1097 693 ex
1110 627 1212 714 plebe

106 734 242 793 creatus
257 729 426 794 maximus
438 730 535 794 eurio
551 728 591 794 G.
604 729 779 795 Mamilius
790 728 943 796 Vitulus·
986 731 1032 796 Et
1045 731 1213 797 flaminem

108 829 248 896 Dialem
274 830 438 896 invitum?
462 831 652 913 inaugurari
678 831 791 915 coligit
815 831 856 896 P.
881 831 1033 898 Licinius
1057 833 1212 916 pontifex

105 933 281 998 maximus
297 932 338 998 C·
351 931 529 1000 Valerium
546 933 719 999 Flaccum.
762 933 940 1000 Decemtir
961 935 1068 999 saeris
1083 935 1214 1000 iaciun-

108 1033 167 1098 dis
188 1043 321 1100 creatus
343 1034 378 1100 in
399 1036 509 1102 locum
533 1035 578 1116 Q.
594 1035 702 1102 Mucii
726 1036 892 1102 Scaevolae
907 1036 1067 1101 demortui
1083 1036 1123 1102 C.
1137 1037 1214 1105 Iae-

107 1135 234 1201 torius.
279 1136 427 1204 Causam
451 1139 639 1222 inaugurari
661 1140 775 1204 coacti
795 1139 939 1204 flaminis
959 1140 1068 1204 libens
1089 1142 1213 1205 reticu-

106 1237 225 1317 issem,
247 1239 282 1304 ni
305 1259 349 1304 ex
368 1239 459 1306 mula
481 1241 572 1306 lama
593 1242 628 1305 iu
651 1241 773 1306 bonam
796 1242 962 1306 vertisset.
1007 1240 1062 1306 Ob
1083 1241 1215 1307 adoles·

107 1341 260 1406 centiam
291 1341 509 1426 negligentem
541 1342 815 1427 luxuriosamque
848 1342 889 1408 C.
919 1343 1064 1410 Flaccus
1092 1343 1214 1410 flamen

107 1451 234 1528 ceptus
249 1463 271 1508 a
284 1443 326 1510 Ρ.
336 1443 470 1510 Licinio
485 1445 645 1529 pontifice
661 1446 810 1510 maximo
825 1451 906 1524 erat,
921 1446 963 1512 L.
976 1447 1105 1512 Flacco
1120 1446 1214 1512 fratri

107 1563 267 1628 germano
288 1549 512 1633 cognatisque
533 1549 610 1614 aliis
633 1548 678 1613 ob
695 1549 814 1614 eadem
828 1549 911 1614 titia
925 1550 1065 1614 invisus.
1109 1548 1160 1628 Is,
1173 1557 1215 1619 ut

107 1649 259 1714 animum
280 1651 354 1736 ejus
368 1669 451 1714 cura
465 1669 635 1715 summum
649 1659 684 1715 et
699 1651 966 1716 cerimoniarum
982 1652 1084 1735 cepit,
1099 1651 1149 1716 ita
1162 1670 1215 1715 re-

109 1756 215 1832 pente
237 1753 332 1816 exuit
352 1753 507 1835 antiquos
527 1771 650 1830 mores,
664 1759 702 1818 ut
722 1772 821 1818 nemo
837 1759 945 1818 tota¹⁴
961 1752 1141 1839 juventute
1155 1753 1214 1818 lra-

108 1853 243 1918 beretur
255 1855 356 1937 prior,
368 1873 431 1920 nec
442 1856 612 1938 probatior
625 1856 827 1940 primoribus
840 1855 992 1932 Petrum,
1005 1858 1076 1920 suis
1091 1857 1216 1940 pariter

110 1954 315 2039 alienisque,
331 1967 432 2023 esset.
478 1957 592 2042 Hujus
607 1960 708 2024 lamae
724 1977 891 2024 consensu
906 1958 1018 2024 elatus
1033 1959 1214 2043 adjustum

108 2054 271 2122 fiduciam
291 2059 357 2137 sui,
372 2077 441 2124 retu
458 2059 681 2127 intermissam
696 2079 756 2144 per
775 2060 901 2126 multos
923 2080 1028 2126 anuos
1050 2062 1095 2126 ob
1109 2051 1215 2144 iudigss

109 2159 290 2224 nitatem¹⁵
316 2161 488 2227 flaminum
509 2163 659 2246 priorum
682 2164 850 2248 repetivit,
872 2164 964 2228 utin
989 2168 1141 2228 senatum
1166 2164 1217 2227 in·

109 2262 236 2328 troiret.
279 2262 470 2349 Ingressum
492 2285 568 2330 unm
590 2267 715 2331 curiam
731 2286 806 2331 cum
827 2266 864 2332 la.
879 2266 1031 2332 Licinius
1052 2272 1179 2349 praetor
1190 2263 1217 2305 ¹⁶

110 2364 193 2429 iude
212 2365 390 2443 eduxisset,
405 2368 556 2433 tribunos
575 2368 687 2453 plebis
709 2368 895 2454 appellarit
911 2369 1043 2434 flumen.
1088 2366 1216 2433 Vetus·

110 2473 188 2533 tum
198 2467 258 2553 jns
273 2469 450 2538 sacerdotii
465 2473 657 2555 repetebat:
684 2472 798 2537 dutum
815 2471 851 2536 ld
866 2491 944 2536 eum
959 2478 1037 2556 toga
1050 2475 1217 2554 praetexta

112 2579 151 2636 et
173 2572 257 2637 sella
278 2573 386 2639 curuli
405 2580 441 2639 et
452 2573 601 2641 flaminio
615 2583 718 2641 esre}¹
761 2575 902 2655 Praetor,
916 2594 984 2640 nou
1002 2574 1146 2639 exoletis
1160 2593 1215 2641 ve

576 2740 760 2764 WNWO

114 2837 209 2889 Gron'
220 2837 401 2902 Derim-tt
412 2840 483 2891 ‘Pro
491 2841 573 2905 populi
582 2839 607 2891 in
618 2840 772 2906 quibusdem
781 2842 850 2893 Edd.
862 2842 930 2891 mele
939 2842 1024 2929 populo
1033 2834 1144 2905 legitnr;
1154 2847 1219 2890 note

114 2904 184 2953 enim
199 2902 320 2966 loquendi
338 2906 405 2955 ratio
421 2904 527 2955 ‘fecere
540 2906 616 2956 elicui
630 2914 788 2969 potentetem
802 2908 912 2972 alicujus
923 2908 961 2957 rel
990 2915 1080 2956 nostro
1097 2906 1156 2955 loeo
1166 2920 1219 2956 non

115 2967 256 3019 convenit?
274 2970 458 3033 Durring.-·l⁴
473 2971 522 3022 ‘lrt
534 2976 584 3021 totu
596 2980 693 3035 preter
704 2982 769 3023 vett.
782 2973 855 3023 librr.
866 2972 1046 3022 tuetoritetem
1063 2971 1146 3020 edidit
1157 2971 1219 3022 Jec.

115 3034 201 3084 Gron.
212 3048 288 3098 quern
304 3035 418 3085 nonnulli
430 3038 511 3085 secuti
524 3036 601 3085 runt!
618 3036 799 3098 Durriae—lo
810 3038 962 3099 Dignitatem
973 3044 1013 3086 ert
1023 3036 1114 3085 vitium
1128 3049 1218 3085 recen·

115 3100 211 3149 tiorum
222 3098 440 3150 editionum-ld
451 3100 459 3129 ‘
469 3100 501 3149 1..
513 3100 622 3151 laniatur
630 3108 736 3165 praten·
747 3103 792 3151 red
805 3116 879 3151 uento
891 3103 938 3151 hoe
949 3116 1016 3151 enno
1026 3101 1138 3150 Licinius
1151 3115 1218 3163 pro·

115 3172 161 3214 tur
171 3163 233 3224 fult,
245 3171 273 3214 tt
283 3166 401 3229 sequenti
413 3168 463 3215 duo
475 3166 508 3215 P.
517 3166 609 3216 Licinii
615 3182 626 3225 ‚·
642 3166 681 3232 (t.
693 3182 752 3230 etp·
761 3167 820 3230 at.)
831 3169 921 3229 itaque
932 3168 981 3225 leg.
994 3168 1025 3215 P.
1036 3165 1149 3215 Liciniae
1156 3182 1166 3224 ,·
1177 3166 1218 3216 Si·

115 3244 177 3293 gun·
210 3230 276 3279 Mox
287 3231 337 3293 leg.
352 3232 436 3280 dutum
447 3230 472 3280 id
488 3246 539 3279 cunr
553 3236 610 3294 togu
625 3236 744 3292 pretextu
755 3238 779 3281 et
789 3234 847 3281 telle
857 3227 935 3282 aaut
941 3230 1055 3296 flumin
1065 3245 1114 3280 erre
1121 3246 1131 3287 ,·
1148 3230 1219 3295 quud

112 3296 170 3359 jem
177 3308 299 3345 monuere
308 3294 357 3345 viri
369 3296 447 3347 ducti.
470 3295 512 3347 Cf.
520 3294 593 3345 nto?
601 3296 702 3360 Rrpert·
726 3296 796 3348 Olitu
804 3298 942 3361 legebatur
951 3294 1101 3360 rtfluinir.
1111 3296 1218 3346 Praetrr.

615 3441 721 3495 nors
750 3426 761 3447 '

148 3548 161 3574 ⁸
179 3540 267 3605 Populi
282 3545 420 3604 potertutettr
430 3540 506 3606 ferit]
523 3540 565 3591 ltt
577 3541 649 3591 meli·
722 3548 734 3585 t
752 3542 786 3590 Et
796 3541 910 3606 fluminio
924 3539 986 3604 ωε]
1003 3538 1220 3604 Coniunctionem

115 3634 193 3671 orer:
211 3620 255 3669 elii
271 3622 355 3685 pupulo
369 3624 509 3686 potestaten
523 3619 595 3680 fecit,
610 3621 649 3670 ni·
689 3620 860 3670 etdeleudem
870 3616 1221 3683 cenretGreuov.quodtci·

114 3697 210 3746 mirum
228 3695 342 3747 curlcnir
360 3696 540 3759 merlmi,rire
559 3712 593 3747 ex
604 3712 647 3763 pt·
689 3700 752 3749 licet
774 3700 838 3749 telit
860 3698 981 3762 dignitati
998 3696 1108 3747 tlnminir
1129 3696 1220 3746 datum

118 3772 278 3833 triennales
291 3787 323 3821 ex
336 3772 412 3834 plebe
424 3770 538 3822 creandi.
609 3820 610 3825 ,
683 3775 730 3840 jur
749 3774 911 3840 ingrediendi
928 3775 955 3823 itt
975 3780 1107 3835 senatum,
1128 3769 1220 3824 erden

149 3856 163 3893 ν
178 3849 312 3900 Firmium
320 3849 416 3899 Dintrrn
426 3848 539 3913 ίκυίειιη]
549 3848 646 3899 Mirum
687 3851 848 3917 reticuean
861 3851 1005 3901 detrectet
1016 3856 1078 3913 toga
1090 3854 1221 3911 pretextu

116 3924 303 3989 rideripotett
321 3923 647 3977 curiuvltunudfltrnluir
687 3938 715 3978 et
733 3928 799 3977 telle
819 3928 925 3978 errrullr.
956 3928 1014 3991 ligo
1042 3933 1129 3977 tumen
1156 3924 1221 3976 nihil

116 4001 274 4066 dignitatem
292 4007 430 4065 protectur
448 4000 492 4063 rit,
505 4000 549 4065 qui
565 4001 647 4064 negli·
687 4002 844 4055 movendum
866 4012 949 4067 puto:
976 4008 1018 4052 ert
1036 4001 1105 4051 eninr
1129 4016 1220 4052 reum

116 4086 224 4144 gentem
235 4084 263 4127 et
274 4078 432 4127 luxuriosum
443 4076 647 4129 adolescentium
688 4082 740 4139 hic,
751 4088 782 4131 ut
794 4082 904 4132 voluerit
916 4080 1037 4130 Valerius
1047 4080 1157 4129 Flaccus
1170 4078 1220 4129 sibl

116 4162 220 4219 egeret.
264 4152 361 4204 Verum
383 4154 439 4205 hec
463 4154 520 4219 lpse
537 4156 647 4219 cogendi
688 4156 1220 4223 eumdignitttrflumininejnrqneiurig·

116 4245 197 4283 mure
219 4230 280 4291 fuit,
307 4238 337 4283 ut
353 4231 459 4296 jutenit
485 4234 648 4284 nubilitrltnir
688 4233 874 4297 uidendum
894 4246 953 4283 erre
971 4231 1125 4282 fucultatem
1149 4231 1220 4281 illem

114 4306 248 4361 netelibur
260 4324 275 4357 ι
286 4308 355 4359 vitiis
366 4309 398 4360 td
414 4311 535 4362 virtutem
547 4312 646 4377 pudure
687 4310 801 4361 intrandi
813 4311 839 4361 iu
855 4318 981 4367 renatum,
997 4316 1117 4375 teeqntnr
1135 4321 1221 4358 creer-

115 4386 258 4439 rrcerdotii
270 4386 461 4439 traduceretur.
687 4388 759 4440 detio
775 4387 813 4438 illl
828 4388 1021 4439 coherentem
1038 4399 1097 4452 que
1112 4390 1220 4436 senten·
