3259 5225
414 568 504 635 209⁰
882 582 917 631 r.
941 581 1034 637 nrvn

413 728 504 794 nude
516 748 613 794 nemo
621 734 787 814 superest,
810 728 875 795 nisi
888 747 989 812 quem
1002 728 1111 793 bostis
1122 726 1285 793 caedendo
1300 724 1410 791 lessus
1429 725 1508 791 reli·

413 831 511 915 qnitt
556 829 641 896 Cum
653 832 796 916 captivis
809 830 970 896 redemtio
986 831 1181 913 negabatur,
1204 848 1268 897 uos
1282 829 1382 911 vulgo
1402 828 1510 893 bomi-

412 952 474 997 ues
486 932 679 1012 laudabant,
699 933 792 1018 qnod
805 934 852 997 rei
867 933 1013 1018 publicae
1029 952 1090 997 nos
1103 950 1396 1012 reservassemus3
1416 930 1510 1016 quod

412 1035 458 1100 ad
479 1037 653 1102 consulem
672 1035 857 1103 Venusiam
879 1034 1095 1113 redissemus,
1116 1042 1153 1101 et
1173 1036 1321 1120 speciem
1341 1034 1427 1120 justi
1442 1054 1507 1100 cx-

412 1139 537 1204 ercitus
562 1137 774 1204 fecissemus.
839 1136 944 1205 Nuuc
970 1138 1135 1204 deteriore
1161 1137 1348 1203 conditione
1372 1158 1505 1213 sumus,

412 1260 514 1325 qnam
537 1241 630 1327 apud
652 1250 768 1327 patres
789 1248 925 1308 nostros
948 1241 1083 1307 inerant
1098 1240 1234 1325 captivi.
1278 1237 1415 1324 Quippe
1437 1240 1507 1305 illis

411 1363 506 1409 mma
525 1350 657 1409 tantum
676 1350 778 1429 atque
794 1343 878 1409 ordo
899 1342 1077 1423 militandi,
1101 1342 1273 1429 locusque,
1292 1342 1328 1407 in
1347 1362 1415 1427 qno
1435 1347 1512 1407 ten·
1621 1386 1622 1403 r

411 1446 577 1512 derentin
592 1448 727 1527 castris,
751 1453 805 1511 est
827 1452 997 1513 mutatus:
1021 1466 1099 1532 quae
1116 1455 1237 1526 nmen,
1260 1446 1364 1511 semel
1382 1450 1510 1511 uavsts

411 1549 618 1633 reipublicae
632 1568 746 1633 opera,
761 1556 795 1615 et
809 1568 876 1615 uno
890 1548 980 1615 salici
995 1549 1125 1634 praelio,
1147 1552 1392 1634 recuperarunt.
1437 1546 1511 1611 Ne·
1621 1630 1622 1635 ἵ

410 1671 468 1715 mo
485 1656 599 1718 eornm
620 1652 785 1735 relegatus
799 1652 835 1717 iu
857 1652 997 1719 exilium
1020 1662 1091 1718 est:
1113 1652 1237 1718 nemini
1250 1670 1328 1737 spes
1341 1648 1510 1715 emerendi
1620 1718 1622 1737 Χ

412 1754 581 1839 stipendia
594 1754 746 1821 ademtai
765 1753 875 1819 bostis
888 1753 1031 1839 denique
1045 1758 1097 1821 est
1110 1754 1221 1834 datus,
1236 1774 1310 1822 cum
1326 1771 1395 1837 quo
1411 1751 1511 1816 dimi·

411 1867 538 1936 cantes,
555 1864 615 1924 ant
637 1858 741 1923 vitam
764 1856 883 1934 semel,
910 1864 972 1922 aut
994 1856 1207 1939 ignominiam
1231 1855 1371 1921 finirent.
1415 1852 1508 1929 Nos,

411 1961 548 2043 quibus,
567 1960 634 2024 nisi
653 1959 747 2045 qnod
771 1958 1014 2039 commisimus,
1028 1964 1064 2025 ut
1085 1959 1266 2045 quisquam
1281 1977 1325 2023 ex
1340 1956 1511 2023 Cannensi

412 2062 488 2126 acie
502 2063 599 2128 miles
613 2061 786 2127 Romame
799 2068 1002 2145 superesset,
1016 2063 1099 2129 nibil
1113 2062 1217 2148 objici
1232 2068 1361 2146 potest,
1374 2080 1441 2127 uon
1455 2080 1513 2125 so·

411 2163 481 2229 lum
496 2184 520 2229 a
533 2166 643 2250 petria
657 2164 772 2249 procul
787 2164 968 2251 Italiaque,
990 2164 1053 2231 sed
1075 2165 1120 2232 ab
1133 2164 1227 2231 hoste
1241 2166 1354 2243 etiam,
1372 2163 1513 2247 relegati

412 2285 550 2348 sumus3
572 2267 631 2332 nbi
642 2286 861 2333 senescamus
875 2266 910 2330 iu
922 2266 1039 2344 exilio,
1054 2286 1095 2333 ue
1111 2287 1181 2353 qua
1195 2286 1289 2351 spes,
1313 2287 1357 2331 ne
1368 2286 1437 2351 qna
1451 2286 1513 2331 oc·

411 2370 531 2436 casio⁴
551 2368 728 2435 abolende
741 2370 944 2453 ignominiae,
958 2389 1000 2435 us
1015 2390 1085 2455 qua
1098 2370 1275 2454 placandae
1287 2372 1413 2437 civium
1435 2370 1509 2447 iras,

411 2492 455 2537 ue
465 2492 531 2557 qna
545 2472 687 2557 denique
700 2474 784 2537 bene
798 2472 959 2539 moriendi
973 2473 1029 2539 sit
1056 2472 1180 2559 Neque
1193 2474 1383 2556 ignominie
1397 2472 1512 2551 finem,

409 2595 473 2642 uec
493 2576 626 2644 virtutis
639 2576 994 2662 praeminmpetimns3
1017 2575 1121 2641 modo
1146 2577 1289 2661 experiri
1305 2576 1454 2642 animum
1478 2580 1514 2640 et

411 2677 563 2744 virtutem
576 2698 733 2744 exercere
747 2678 864 2745 liceat.
908 2677 1072 2744 Laborem
1094 2685 1128 2744 et
1147 2679 1332 2764 pericnlum
1346 2681 1512 2763 petimus,

410 2791 451 2847 nt
462 2781 621 2860 virorum,
634 2781 826 2848 ntmilitnm
842 2781 950 2847 officio
964 2781 1149 2865 iungamur.
1193 2782 1322 2848 Bellum
1339 2783 1372 2847 in
1389 2782 1514 2848 Sicilia

405 2883 480 2968 jam
490 2885 632 2950 alterum
645 2905 766 2952 aunum
780 2885 905 2968 ingenti
920 2885 1136 2952 dimicatione
1150 2886 1292 2968 geritur:
1308 2885 1409 2951 urbes
1423 2885 1513 2950 alias

413 2985 555 3065 Poenns,
571 2987 658 3050 alias
672 2985 846 3052 Romanus
861 2995 1054 3072 expugnate
1068 2987 1233 3073 peditum,
1248 2989 1399 3073 equiturn
1415 2989 1512 3054 acies
1615 3057 1616 3060 ,

413 3096 632 3169 concurrunt,
653 3088 697 3155 ad
720 3089 910 3173 Syracusas
930 3097 1017 3156 terra
1037 3091 1190 3176 marique
1205 3111 1257 3156 res
1272 3091 1416 3175 geritur:
1435 3093 1515 3157 cla·
1614 3133 1615 3138 κ

412 3208 536 3254 morem
552 3193 768 3274 pugnantium
784 3193 1020 3280 crepitumque
1036 3214 1202 3260 armorum
1222 3193 1437 3272 exaudimus,
1463 3213 1514 3258 re·

414 3291 506 3356 sides
521 3294 589 3378 ipsi
604 3313 646 3368 ac
662 3315 792 3379 segnes,
806 3303 964 3382 tauquam
978 3316 1039 3362 nec
1053 3291 1185 3376 manus,
1199 3317 1263 3362 nec
1278 3317 1371 3362 arma
1382 3296 1511 3362 babes-

411 3413 500 3459 mus.
543 3395 720 3462 Servorum
743 3397 932 3480 legionibus
956 3398 1010 3464 Ti.
1030 3399 1248 3485 Sempronius
1267 3401 1385 3466 consul
1407 3401 1513 3466 toties

413 3496 485 3582 jam
504 3517 581 3562 cum
605 3499 702 3565 hoste
727 3501 832 3584 signis
852 3503 984 3568 collatis
1006 3503 1177 3588 pugnavit
1222 3503 1347 3588 Operae
1367 3501 1516 3587 pretinm

412 3599 549 3680 babent,
561 3600 750 3669 libertatem
764 3605 1013 3692 civitatemque.
1043 3606 1112 3673 Pro
1126 3607 1233 3672 seruis
1248 3607 1368 3672 saltem
1382 3605 1427 3670 ad
1443 3605 1514 3671 boc
1608 3628 1609 3638 ¹

412 3703 535 3769 bellum
546 3707 647 3770 emtis
662 3707 760 3773 vobis
776 3707 893 3773 simus.
936 3707 1125 3792 Congredi⁵
1147 3728 1225 3776 cum
1239 3709 1334 3774 hoste
1347 3707 1463 3787 lineat,
1478 3715 1517 3773 et
1607 3717 1608 3722 ’

875 3873 1057 3896 aunuum

411 3963 472 4016 tur!
496 3966 639 4019 &rath-2
663 3968 805 4021 Imetrr
823 3973 890 4038 conj.
905 3974 1040 4027 Valla-l
1056 3975 1115 4024 ‘Ne
1136 3989 1182 4038 qun
1200 3987 1254 4038 aper
1272 3973 1353 4023 Drak-
1371 3985 1515 4036 operarum
1603 4031 1604 4034 Ἴ

409 4029 548 4083 manime
558 4048 664 4086 errore:
683 4045 787 4086 urrato
798 4045 885 4091 tamen
896 4053 912 4089 a
922 4041 980 4090 Cel.
989 4039 1129 4092 Ernestio.'
1144 4039 1285 4089 Stroth—d
1303 4039 1384 4089 Entir
1394 4037 1463 4089 ultr
1479 4039 1516 4089 ri·
1603 4061 1604 4064 ¹

410 4097 582 4161 ulmi
597 4099 667 4151 Edd-
677 4101 863 4156 ursonem.

904 4203 1014 4254 NOTAE

414 4288 778 4361 ltindettsbeoqniin
751 4297 1068 4366 mareibiqneinnnin
1052 4299 1515 4369 qigtemeonsleme
1599 4291 1601 4394 l

411 4369 532 4419 ιιιιιίιιιοΙ
478 4369 694 4438 esorrnmbigs
697 4375 887 4441 rinanaetnr,
897 4392 940 4428 με
981 4379 1053 4430 cuit?

412 4457 468 4494 rum
500 4458 562 4497 eoru
533 4461 589 4498 rum
615 4463 650 4500 na
633 4464 749 4503 umerum
776 4452 847 4518 aliqu
832 4460 942 4505 urteunr
