3259 5225
494 601 566 648 nra.
590 599 720 648 xxvii.
743 598 826 649 osu.
845 581 899 648 12.
1154 581 1242 650 zion

146 747 226 812 ioca
240 745 390 812 saltuosa
403 745 523 812 cedere
536 745 612 812 indu
626 747 751 832 ooepit„
785 742 1127 826 Marceilnsvestigiis
1137 743 1240 810 insta·

144 849 215 926 bat,
229 857 404 934 castraque
419 850 542 914 castris
553 849 754 928 conterebat,
765 855 811 926 et,
822 868 926 934 opere
938 847 1098 933 perlecto,
1109 855 1241 914 extem·

144 953 204 1034 pio
225 953 262 1017 in
282 953 389 1018 aciem
406 951 557 1035 legiones
571 950 757 1018 educebat!
796 950 982 1030 Hannibal,
997 953 1164 1016 turmatim
1180 969 1240 1035 per

144 1057 277 1140 equites
290 1056 509 1141 peditumque
518 1055 727 1140 jaculatores
746 1055 835 1122 levia
848 1054 1028 1122 certamina
1045 1073 1168 1130 serens,
1181 1073 1238 1120 ca·

143 1177 220 1222 sum
243 1158 405 1224 universae
420 1177 541 1242 pugnae
563 1175 627 1223 non
651 1159 877 1224 necessarium
892 1158 1053 1224 ducebat.
1095 1157 1239 1222 Tractus

142 1267 327 1326 esttamen
343 1259 446 1340 adid,
462 1261 552 1345 qnod
568 1261 708 1340 vitabat,
722 1267 898 1328 certamen.
941 1257 977 1324 N
979 1265 1056 1324 octe
1074 1277 1239 1343 praegres-

141 1383 217 1428 sum
233 1369 261 1412 ¹⁴
280 1363 472 1449 assequitur
501 1364 586 1429 locis
611 1363 725 1448 planis
753 1383 795 1429 ac
823 1363 1016 1446 patentibus
1044 1360 1239 1428 Marcellus.

141 1464 266 1532 (ianua
287 1466 366 1532 iude
388 1472 587 1551 ponentem,⁸
607 1465 784 1552 pugnando
810 1464 964 1550 undique·
981 1465 1018 1529 in
1039 1465 1236 1544 munitores,

141 1568 303 1654 operibus
321 1569 488 1654 prohibet.
531 1569 585 1634 lta
607 1568 704 1651 signa
726 1569 864 1648 collata,
886 1574 1134 1652 pugnatumque
1154 1568 1238 1632 totis

140 1670 271 1757 copiis3
289 1681 333 1750 et,
357 1693 435 1738 cum
452 1674 525 1758 jam
539 1691 610 1738 nox
624 1675 773 1750 instaret,
790 1672 902 1738 Marte
922 1692 1023 1756 aequo
1045 1672 1236 1738 discessum

140 1781 204 1841 est.
246 1775 378 1857 Caetra,
400 1777 522 1861 exigno
538 1776 699 1842 distantia
718 1775 843 1862 spatio,
861 1776 983 1862 raptim
1006 1785 1086 1840 ante
1102 1782 1235 1840 noctem

139 1879 339 1962 permunita.
382 1879 529 1945 Postero
554 1879 611 1945 die
630 1879 709 1945 luce
732 1880 841 1962 prima
860 1877 1048 1944 Marcellus
1067 1877 1101 1942 in
1124 1877 1235 1942 aciem

139 1980 259 2064 copias
273 1981 403 2048 eduxit.
437 1981 472 2048 N
474 2003 514 2049 ec
526 1983 701 2050 Hannibal
715 1983 915 2049 detrectavit
929 1988 1108 2059 certamen,
1121 1980 1236 2046 multis

137 2083 252 2150 verbis
272 2084 470 2152 adhortatus
484 2087 621 2164 milites,
645 2091 714 2167 ‘nt‚
729 2105 892 2152 memores
901 2083 1090 2152 Trasimeni
1105 2081 1234 2150 Ganna-

138 2203 290 2271 rumque,
316 2189 552 2257 contunderent
575 2189 737 2257 ferociam
756 2189 876 2256 hostis.
918 2187 1045 2272 Urgere
1066 2193 1168 2271 atque
1183 2188 1236 2252 in·

136 2293 227 2355 stare
253 2311 342 2356 eum.
387 2290 467 2358 Non
492 2293 555 2360 iter
576 2295 712 2378 quietos
734 2290 867 2372 faeere·
885 2308 952 2357 non
977 2294 1091 2356 castra
1112 2286 1236 2374 ponere

137 2393 223 2476 pati,
248 2413 316 2461 non
345 2397 508 2481 respirare
537 2404 598 2462 aut
626 2395 893 2481 circumspicere.
948 2391 1112 2472 Quotidie
1134 2391 1235 2458 simut

138 2495 300 2563 orientem
320 2498 428 2564 solem
450 2507 485 2565 et
509 2498 700 2566 Romanurn
722 2499 830 2566 aciem
848 2499 885 2564 in
905 2499 1036 2583 campis
1054 2494 1235 2562 videndam

135 2617 224 2666 esse.
260 2600 299 2666 si
313 2621 381 2667 nno
394 2603 514 2688 praelio
529 2603 617 2670 hand
630 2604 822 2671 incruentus
833 2604 944 2683 abeat,
954 2602 1101 2689 quietius
1111 2600 1234 2668 deinde

137 2704 417 2790 tranquilliusque
439 2726 518 2773 eum
536 2705 757 2773 bellaturum!
800 2706 870 2773 His
890 2706 1011 2773 irritati
1030 2705 1233 2772 adhortatio·
1324 2758 1330 2767 .

135 2804 250 2885 nibus,
265 2807 432 2893 simulque
447 2808 552 2875 taedio
566 2809 701 2877 ferociae
717 2808 862 2875 hostium
876 2807 1025 2894 qnotidie
1035 2808 1232 2875 mamutium

135 2906 450 2996 lacessentiumque,
471 2914 594 2979 acriter
612 2914 763 2999 pralium
785 2914 913 2979 ineunt.
955 2912 1144 2996 Pugnatum
1161 2932 1233 2979 arn·

134 3008 367 3093 piiusdnabns
380 3016 544 3083 horisest
588 3014 1164 3082 CederaindeabRonnanisdextra
1176 3014 1232 3082 ala

133 3118 169 3175 et
182 3114 437 3183 extraordinarii
448 3125 463 3155 ⁸
476 3136 625 3202 coepere.
648 3117 750 3197 Quod
761 3118 820 3184 ubi
835 3116 1023 3183 Marcellus
1036 3117 1134 3199 uidit,
1145 3117 1231 3184 duo·

133 3212 371 3283 devicesimam
384 3217 547 3303 legionem
561 3222 595 3287 in
612 3220 753 3305 primaru
764 3220 871 3287 aciem
883 3220 1023 3285 inducit.
1065 3220 1157 3287 Dum
1171 3220 1232 3287 aiii

147 3342 1231 3423 ΙΙΕειωινιιειιιιἰοειῦαῌιικίιιοιιιιωΗιιιιιίῠιΝι,ιιιισοιίίιιοίικᾳιιιιι,ιίείσι

128 3415 1231 3541 ph'nqnatnqqentutitieremcastrat-ansanumclroloerst.lartmistsriemRouana-ad

625 3584 737 3636 NOTAE

163 3678 173 3706 ¹
191 3674 487 3746 coenaremus]
504 3679 573 3733 usit.
591 3682 659 3731 corr·
699 3696 779 3749 mero,
789 3682 832 3751 qni
844 3685 870 3737 ln
881 3684 999 3738 exercltu
1009 3687 1125 3739 Βοωιιιο
1135 3689 1232 3741 milita·

129 3748 364 3803 munumina
371 3758 497 3818 aperire
506 3760 580 3821 teger,
590 3758 659 3810 Mur·
699 3758 772 3823 baut,
793 3769 848 3811 tun
867 3764 969 3827 equitur
982 3778 1030 3827 pro
1047 3766 1127 3816 tertia
1146 3772 1231 3832 parte,

130 3826 430 3895 celtumeqaaeeraqai
440 3834 600 3884 minume
610 3850 660 3885 aar
699 3842 753 3887 tum
765 3836 870 3902 pedites
882 3841 1043 3904 proquints;
1058 3842 1148 3891 eximii
1159 3856 1232 3893 nen·

129 3904 364 3972 retractarunt
376 3908 660 3979 l'eruptielredesortafirr
699 3926 733 3977 pe
756 3914 889 3979 utriusque
909 3916 1024 3980 eorporis
1045 3917 1232 3985 seligerentur,

128 3992 257 4044 roam.
699 3990 744 4053 qni
755 3990 826 4040 circs
836 3991 1020 4055 imperatorem
1031 3996 1124 4046 midai
1140 3996 1166 4045 ln
1176 3996 1231 4061 ris,

171 4056 180 4089 ²
203 4056 261 4107 Nun
285 4060 335 4111 iter
359 4062 563 4131 quidusdam]
589 4066 659 4118 Gaii.
698 4066 725 4115 in
735 4068 838 4129 eastris,
846 4068 873 4117 tn
885 4082 980 4134 pugna,
989 4072 1014 4121 ei
1026 4074 1097 4125 relat
1106 4075 1230 4127 custodes

131 4130 202 4188 Qs'il
214 4148 243 4184 ae
260 4136 295 4185 ter
310 4138 401 4189 ffirseit
419 4154 448 4189 err
464 4156 542 4205 repar,
556 4142 582 4191 ri
600 4145 659 4193 duas
698 4149 775 4194 extra
784 4142 902 4195 ordinem
917 4146 1054 4201 ederunt:
1071 4152 1231 4207 nuwem-

124 4212 316 4264 lrrrrrrrclsrri
329 4216 448 4267 &nicar
458 4226 603 4281 comperuerat
609 4236 621 4279 ,-
637 4226 663 4271 et
697 4220 872 4273 maurim
889 4238 991 4288 minen,
1006 4240 1058 4290 quo
1074 4228 1176 4294 equites
1196 4232 1231 4285 ab

127 4302 158 4336 rue
168 4288 323 4339 leardomlt
331 4292 626 4358 purlrloirirdererplrer
635 4301 660 4346 et
697 4296 821 4355 alaribus,
835 4298 937 4363 pedites
952 4315 968 4350 a
981 4302 1130 4355 cohortibus
1147 4310 1230 4361 seete·

126 4364 352 4417 dererrmaarltre.
698 4388 754 4425 rum
781 4374 1017 4440 distingnebsntnr.
1058 4380 1128 4433 Vide
1155 4386 1229 4452 Lipr.

162 4450 174 4475 ¹
189 4440 224 4491 lit
233 4445 431 4510 monasterii]
452 4445 658 4498 Eatrserdiuarii
697 4452 731 4501 ds
742 4452 824 4505 Milit.
836 4453 946 4507 Romen.
961 4454 1008 4507 iil).
1019 4468 1052 4507 ιι.
1068 4457 1139 4513 utu.
1150 4465 1176 4513 7.
1195 4478 1230 4515 ex

128 4516 285 4571 dicebatur
301 4520 394 4573 arisai
410 4536 445 4573 ea
463 4524 590 4574 susim
611 4538 656 4575 uu·
697 4528 791 4595 Polyb.
