3259 5225
384 565 387 570 Ι
462 628 535 675 nin.
559 625 692 676 xxvrr.
716 629 800 676 etr.
821 612 876 677 42.
1125 611 1213 679 2369

109 771 249 855 ingenio
263 769 370 836 bostis
384 791 478 850 usus,
490 792 560 858 quo
571 772 724 837 minusin
736 780 803 838 tum
816 771 942 856 opertis
952 771 1096 838 collibus
1105 771 1213 844 timeri

110 875 249 940 insidiae
265 879 431 959 poterunt,
446 875 593 959 quinque
608 875 827 953 cobortes,²⁰⁸
842 874 967 939 additis
983 877 1127 960 quinquo
1140 893 1215 938 moa

110 976 250 1061 uipulis,
264 983 361 1041 nocte
381 975 498 1060 jugum
515 997 680 1060 superare,
704 984 738 1041 et
753 979 786 1042 in
801 979 929 1042 aversis
944 978 1088 1042 vallibus
1102 977 1212 1041 consi·

110 1078 191 1144 dere
208 1078 314 1164 jubet.
357 1077 510 1162 Tempus
528 1080 724 1160 exsurgendi
739 1100 786 1144 ex
807 1081 940 1145 insidiis
953 1087 988 1145 et
1002 1079 1213 1163 aggrediendi

110 1179 245 1245 hostem
267 1180 324 1246 Ti.
354 1177 534 1246 Claudium
564 1179 718 1247 Asellum
744 1184 913 1273 tribunum
941 1183 1086 1246 militum
1111 1188 1148 1246 et
1169 1181 1211 1244 P.

113 1281 295 1348 GluudIum
323 1282 522 1366 preelectum
543 1283 671 1348 socium
692 1283 821 1362 edocet,
843 1304 930 1368 quos
951 1304 1025 1349 cum
1045 1283 1089 1348 iis
1104 1282 1213 1347 mitte·

111 1386 185 1450 bot.
228 1385 308 1469 Ipse
323 1384 399 1450 luce
419 1386 550 1470 prima¹
568 1385 686 1468 copies
702 1406 818 1450 omnes
833 1387 983 1470 peditum
997 1387 1213 1471 equitumque

111 1487 149 1550 iu
166 1487 272 1553 aciem
289 1487 414 1553 eduxit.
468 1486 578 1552 Puulo
589 1493 668 1571 post
679 1494 712 1552 et
723 1489 766 1553 ub
782 1488 971 1553 Hannibale
985 1490 1113 1570 signum
1129 1506 1210 1572 pug-

112 1609 167 1654 nes
184 1591 393 1674 propositum
415 1595 479 1667 est,
500 1579 695 1674 clamorque
717 1591 751 1654 in
773 1591 895 1655 cestris
917 1591 960 1657 ad
978 1609 1069 1655 urmu
1085 1590 1213 1654 discor·

113 1693 256 1758 rentium
279 1699 333 1756 est
351 1692 516 1757 sublatus.
560 1691 642 1756 Inde
659 1711 763 1776 eques
779 1694 950 1777 pedesque
970 1693 1119 1759 certatim
1134 1711 1213 1776 por·

111 1795 160 1858 tis
174 1813 281 1873 ruere,
293 1813 334 1860 ac
350 1796 532 1880 puletivper
544 1813 698 1878 campum
713 1815 892 1881 properare
903 1797 947 1863 ud
961 1798 1087 1861 bootes.
1113 1793 1212 1874 Quos

112 1897 174 1961 ubi
189 1895 317 1961 effusos
330 1896 567 1978 consul'videt,
583 1900 712 1964 tribuno
733 1900 877 1965 militum
892 1900 1001 1966 tertine
1016 1898 1157 1982 legionis
1171 1895 1211 1962 G.

112 1997 341 2064 Aurunculeio
362 2001 517 2083 imperat,
538 2007 576 2066 ut
597 2001 730 2086 equites
748 2001 902 2084 legionis,
923 2007 1048 2086 quanto
1063 2001 1212 2066 maximo

111 2099 240 2183 inipetu
262 2101 382 2184 possit,
406 2102 440 2166 in
462 2102 592 2166 hostem
613 2103 751 2168 emittet.
797 2102 851 2168 lte
868 2121 1029 2188 pecorum
1047 2101 1148 2165 modo
1162 2099 1213 2163 in·

113 2202 324 2286 conpositos
338 2199 411 2269 to'tu
428 2206 553 2286 passim
570 2223 691 2288 campo
707 2225 744 2270 se
759 2205 913 2285 fudisse,t
928 2211 963 2270 ut
976 2205 1076 2269 sterni
1089 2202 1213 2267 obteri·

113 2309 207 2388 que,²
220 2305 313 2387 prius
330 2323 429 2389 quam
444 2306 657 2386 instruontur,
674 2309 814 2393 possint.
830 2350 835 2360 ·

158 2406 213 2471 te.
237 2405 396 2471 Nondum
424 2407 600 2473 Hannibal
623 2427 643 2474 e
666 2411 785 2475 castris
808 2409 948 2487 exierat,
968 2429 1043 2473 cum
1062 2425 1212 2491 pugnen-

113 2508 197 2572 tium
224 2508 397 2572 clamorem
420 2508 560 2574 audivit.
605 2508 737 2596 Itaque,
758 2513 892 2576 excitus
909 2511 1067 2589 tumultu,
1090 2511 1212 2594 ruptim

113 2610 159 2675 ad
174 2611 303 2675 hostem
318 2611 436 2696 copies
452 2612 536 2693 egit.
577 2611 656 2679 Jum
671 2616 797 2699 primos
817 2624 1042 2697 occupaverat
1056 2618 1213 2697 equester

113 2712 263 2778 terror.‘¹
300 2706 578 2780 Peditum'etiem
595 2717 704 2799 prime
718 2718 806 2800 legio
819 2725 853 2782 et
864 2717 1049 2783 dextraulo
1058 2714 1212 2801 praelium

143 2902 158 2927 ⁸
174 2895 268 2946 Prinna
276 2895 337 2947 orbi
348 2893 473 2947 Peneion
483 2902 597 2949 tenorent
605 2899 736 2951 intebront
747 2900 840 2965 equitee
848 2899 961 2950 Romani.

573 3028 753 3051 Ommlrw

110 3122 180 3173 riom
191 3124 302 3175 reddere
314 3120 425 3177 ridetur.
443 3125 506 3176 Pnt.
519 3126 636 3177 Annibale
645 3125 700 3177 inde
709 3128 811 3191 supine.
829 3125 883 3177 Atti
892 3134 947 3177 tren
956 3126 1099 3177 Annibalem
1108 3125 1164 3174 iede
1173 3138 1214 3173 err·

108 3187 197 3251 piene?
213 3188 240 3241 J.
254 3190 281 3241 l'.
292 3191 442 3242 tirou-2⁰
459 3192 576 3242 ‘Omnes
588 3206 687 3241 rursum
705 3203 733 3241 et
749 3192 879 3243 Gallicani
898 3202 927 3243 et
941 3192 1055 3243 Pnlntinl
1067 3205 1124 3239 curu
1137 3191 1213 3239 Vore.

110 3253 257 3304 robertitne.
273 3256 375 3313 Scribe,
384 3258 484 3319 quinque
494 3256 626 3306 nuenton
636 3256 730 3306 odditoe
740 3258 842 3321 quinque
851 3256 999 3321 mipene!
1017 3256 1044 3309 J.
1056 3255 1085 3306 F.
1097 3255 1214 3306 Groui.-

113 3322 155 3385 lf
168 3318 280 3369 Puteum.
300 3320 400 3382 integre
415 3321 474 3382 ipeie
488 3322 538 3370 lnce
553 3323 639 3383 primu
668 3322 735 3371 Vide
751 3337 783 3371 en
804 3324 919 3385 potuerit
938 3322 1027 3373 birine
1042 3320 1131 3370 dicere
1147 3320 1214 3382 ierne

111 3384 165 3432 lnce
174 3384 270 3445 orem)
283 3383 310 3436 J.
321 3386 352 3435 F.
365 3385 495 3436 Grau-2
507 3384 589 3434 »Sterni
599 3384 745 3451 opprimique
757 3386 823 3439 Edd.
834 3395 895 3437 ente
907 3388 990 3438 Gron.
1018 3388 1120 3436 ‘Vetus
1131 3386 1212 3445 scrip-

112 3455 174 3497 ture
195 3450 263 3510 epod
281 3449 397 3498 Rbennu.
413 3450 487 3499 rterru
505 3452 622 3513 operique.
635 3453 696 3502 Put.
707 3455 782 3502 eterni
801 3454 921 3515 opteriqw
938 3452 980 3517 (nt
991 3452 1103 3516 opeoleto,
1114 3450 1214 3537 opsidio,

111 3513 242 3626 m,
250 3513 318 3565 idem
330 3512 443 3586 code3);
454 3515 537 3564 ceteri
549 3523 573 3565 el
583 3514 651 3565 Gell.
664 3525 692 3567 et
704 3517 770 3567 l’ell.
782 3527 810 3567 et
824 3518 898 3567 Voce.
908 3520 984 3566 nont
994 3518 1122 3579 obterique.
1147 3514 1174 3565 J.
1183 3514 1212 3562 F.

145 3642 310 3706 8‘Equerler
319 3647 406 3707 terror,
416 3643 448 3693 eb
460 3642 591 3709 equitibus
602 3642 675 3693 Rom.
687 3642 805 3709 injectus.
840 3643 1137 3710 Eqredmeurrormulti
1148 3642 1214 3692 Mer.
1288 3624 1293 3640 ⁸

610 3790 716 3841 Nom

113 3882 436 3950 iuliadeeeodereeopiene]
452 3885 645 3950 ltelleg.quod
684 3890 732 3949 tie:
749 3902 798 3955 que
810 3890 910 3939 ratione
921 3888 1034 3953 jubendi
1051 3887 1157 3937 verbnm
1170 3887 1215 3936 de·

112 3962 195 4009 menti
217 3962 330 4011 auctoris
353 3962 456 4011 ridetur
481 3975 644 4026 repugnare:
685 3966 882 4027 tiroqnutlebit
915 3965 946 4014 ld
967 3972 997 4014 nt
1016 3965 1113 4012 vitetur
1131 3962 1222 4027 (quod.

115 4036 272 4093 Cnlbertlni,
290 4052 319 4086 ne
336 4036 402 4087 obire
419 4036 509 4086 tortere
524 4042 646 4100 poteretur
686 4041 736 4090 etsl
749 4042 830 4091 mione
841 4042 975 4102 usitatum,
987 4039 1052 4089 ritlo
1069 4047 1155 4087 temen
1172 4053 1214 4087 co·

114 4113 284 4174 idoneitatem,
300 4114 357 4163 inde
372 4114 468 4177 wotene
483 4116 541 4163 tolie
554 4114 644 4163 siritu
686 4131 743 4166 rere
759 4119 836 4180 poulo
855 4125 917 4166 ente
934 4116 1080 4165 ostendisse
1095 4114 1156 4162 mibi
1176 4114 1214 4162 ri·

113 4190 226 4240 ἱππεία
241 4188 401 4240 dercendebot.
435 4189 644 4251 lnde,itleet,ee
684 4190 978 4257 deor)Grou.nomluie
995 4188 1157 4239 inflexionem
1175 4189 1214 4237 in-

113 4270 147 4319 de
164 4284 244 4320 caune
258 4284 291 4319 ne
303 4270 375 4321 ubire
387 4284 433 4319 een
445 4269 556 4318 eredere
573 4270 645 4321 llan-
685 4272 774 4331 vertit,
792 4266 944 4332 scribitque,
959 4265 1061 4330 quinque
1080 4265 1214 4313 eunom

112 4346 183 4397 ulbrl
195 4355 294 4409 portet,
306 4348 379 4397 Nero
390 4347 507 4410 cupient,
516 4352 565 4399 dec.
684 4349 779 4397 additor
796 4346 897 4408 quinque
914 4344 1054 4405 minutor.
1088 4342 1214 4393 Cobortee

145 4431 155 4457 ⁸
170 4424 280 4487 Quisque
289 4424 407 4489 aborta]
423 4426 557 4487 Plerique,
575 4424 642 4489 quin·
684 4432 770 4473 etitem
787 4421 905 4485 intellige
918 4421 1056 4483 sociorum,
1068 4420 1214 4485 menipuloe

112 4500 304 4565 memorio
318 4502 409 4554 additio
425 4502 526 4569 quinque
536 4502 642 4567 nortpe-
684 4499 867 4551 Romruorum.
