3259 5225
403 514 492 583 stu
865 526 902 575 r.
924 526 1022 577 nrvrr

403 675 549 743 decreta.
584 670 749 739 Praetores
761 668 886 737 exinde
898 668 1008 735 sortiti
1019 674 1114 735 sunt:
1139 666 1190 733 M.
1204 666 1367 734 Gaecilius
1379 664 1500 731 Metel-

402 778 456 845 lus
479 777 651 857 urbanam,
674 774 718 855 Q.
740 772 917 839 Mamilius
936 772 1157 857 peregrinam,
1172 770 1214 837 G.
1232 770 1402 837 Servilius
1416 769 1500 835 Sici·

402 880 495 959 liam,
506 878 562 945 Ti.
577 877 740 945 Claudius
763 878 964 945 Sardiniam.
1008 876 1190 942 Exercitus
1207 876 1257 942 ita
1275 876 1401 941 divisis
1422 894 1500 941 con-

404 983 515 1049 sulum
537 980 646 1059 alteri,
660 998 759 1066 quem
773 978 813 1046 G·
829 979 995 1046 Claudius
1008 979 1129 1063 prioris
1142 979 1222 1045 anni
1241 979 1374 1056 comui,
1390 977 1501 1055 alteri,

404 1102 503 1169 quern
519 1081 564 1162 Q.
579 1082 743 1149 Claudius
757 1089 943 1168 propraetor
962 1086 1030 1167 (em
1049 1082 1137 1147 bium
1151 1081 1298 1166 legiones
1315 1084 1433 1160 erant)
1445 1080 1501 1145 ba·

403 1184 535 1251 buissel
549 1184 745 1249 exercitum.
790 1182 832 1249 ln
843 1184 976 1250 Etruria
989 1184 1075 1250 duas
1090 1185 1245 1250 volonum
1258 1184 1415 1267 legiones
1428 1202 1452 1247 a
1464 1180 1501 1246 G.

403 1286 562 1353 'l’ereutio
576 1296 778 1371 propraetore
793 1285 844 1353 M.
861 1285 979 1352 livius
997 1286 1189 1371 proconsul,
1211 1286 1265 1351 cui
1285 1290 1502 1368 prorogatum

403 1387 440 1455 iu
465 1407 586 1453 annum
607 1389 784 1473 imperium
806 1396 889 1469 erat,
909 1388 1103 1473 acciperets
1124 1396 1159 1453 et
1181 1386 1227 1467 Q.
1253 1384 1431 1465 Mamilio,
1455 1392 1503 1463 ut,

404 1489 547 1573 collegio
563 1490 649 1575 juris
670 1490 818 1557 dictione
838 1485 978 1567 tradita*
999 1487 1149 1555 Galliam
1164 1508 1242 1554 cum
1262 1489 1430 1566 exercitu,
1451 1490 1502 1553 cui

404 1591 447 1657 L.
462 1590 605 1659 Porcius
627 1600 812 1677 propretor
827 1591 1030 1676 prrninerut,⁵
1049 1589 1224 1668 obtineret,
1240 1589 1417 1655 decretum
1436 1597 1504 1670 est3

400 1691 587 1779 jussusque
603 1694 757 1777 populari
772 1712 874 1776 agros
889 1692 1074 1769 Gallorum,
1089 1692 1148 1776 qui
1161 1690 1204 1757 ad
1220 1690 1352 1757 Poenos
1367 1693 1436 1757 sub
1449 1692 1505 1757 ad·

404 1800 539 1861 ventum
559 1794 781 1860 Hasdrubalis
795 1794 1008 1860 deiecissent.
1051 1792 1092 1860 (l.
1103 1794 1246 1859 Servilio
1257 1813 1335 1859 cum
1346 1793 1504 1861 Cannen-

406 1897 503 1963 sibus
518 1896 650 1963 duabus
665 1896 864 1979 legionibus,
879 1896 968 1960 sicut
982 1892 1022 1960 0.
1037 1894 1212 1961 Mamilius
1222 1896 1403 1974 tenuerat,⁶
1416 1897 1505 1962 Sici-

404 1998 454 2066 lia
482 2000 607 2065 tuenda
635 1998 725 2064 data.
769 1997 825 2063 Ex
855 1996 1009 2063 Sardinia
1037 2005 1134 2063 vetus
1160 1999 1342 2076 exercitus,
1373 1999 1435 2064 cui
1458 1998 1504 2065 A.

405 2100 578 2167 Hostilius
602 2100 789 2184 praefuerat,
808 2100 1015 2185 deportatus.
1059 2100 1196 2167 Novam
1209 2100 1386 2182 legionem,
1402 2120 1505 2185 qnam

405 2202 461 2269 Ti.
478 2204 643 2270 Claudius
658 2203 826 2288 trajiceret
838 2222 964 2279 secum,
974 2203 1129 2269 consules
1140 2204 1425 2287 conscripserunt.
1459 2202 1504 2283 Q.

403 2305 560 2389 ¹Claudio,
586 2312 622 2372 ut
645 2305 838 2383 Tarentum,
863 2303 903 2369 C.
934 2304 1087 2372 Hostilio
1107 2305 1253 2383 Tubulo,
1280 2312 1318 2369 ut
1343 2305 1504 2390 capuam

404 2409 610 2495 provinciam
639 2409 790 2485 baberet,
815 2414 1029 2491 prorogatum
1050 2408 1086 2473 in
1100 2426 1222 2473 annum
1242 2408 1422 2493 imperium
1441 2416 1506 2479 est.

300 2552 309 2575 .
405 2510 628 2577 M.Valerius
643 2510 831 2595 proconsul,
841 2509 902 2596 qui
912 2509 1049 2575 tuendae
1060 2510 1151 2576 circa
1162 2510 1312 2575 Siciliam
1323 2512 1505 2577 maritimae

406 2617 475 2680 orie
489 2612 679 2699 praefuerat,
698 2612 831 2696 triginta
848 2612 990 2678 naribus
1004 2610 1044 2678 G·
1064 2612 1206 2680 Servilio
1219 2612 1402 2699 ριιιιιιίιίε,7
1425 2633 1503 2680 curu

406 2722 517 2783 cetera
528 2717 619 2783 omni
631 2715 739 2782 classe
755 2713 863 2780 redire
878 2712 922 2780 ad
932 2714 1058 2782 Urbem
1067 2716 1200 2800 jussus.

449 2818 504 2884 ll.
527 2819 567 2884 ln
588 2819 723 2886 civitate
741 2821 836 2883 tauto
857 2816 1049 2882 discrimine
1067 2818 1148 2884 belli
1168 2817 1312 2894 solicita,
1328 2837 1410 2884 cum
1435 2839 1504 2884 om-

404 2921 496 2986 nium
525 2920 746 2986 secundorum
769 2919 1054 3003 adversorumque
1076 2939 1200 2986 causas
1219 2921 1254 2984 in
1276 2921 1376 2986 Deos
1399 2927 1504 2987 verte
1616 2912 1617 2927 ¹

405 3029 490 3100 rent,
502 3024 605 3088 multa
621 3021 774 3107 prodigia
787 3021 1048 3104 nuntiabantur3
1068 3022 1260 3088 Turranium
1269 3021 1293 3088 J
1294 3024 1371 3088 oris
1384 3023 1504 3100 adan,

406 3123 528 3190 Satrici
543 3123 666 3190 Matris
689 3123 833 3190 Matutae
848 3122 891 3188 de
911 3123 999 3189 coelo
1019 3131 1157 3190 tactam.
1199 3126 1393 3190 Satricanos
1412 3126 1505 3191 baud

405 3227 515 3292 miuus
530 3227 698 3292 terrebunt
711 3225 747 3290 in
759 3226 869 3292 mdem
883 3225 906 3292 J
909 3226 985 3291 ovis
995 3225 1127 3292 foribus
1140 3227 1229 3312 ipsis
1243 3227 1312 3292 duo
1327 3228 1503 3312 perlapsi¹
1616 3260 1617 3263 π

405 3347 539 3412 angues.
583 3327 639 3392 Ab
655 3327 758 3395 Antio
771 3327 958 3393 nuntiatum
973 3335 1039 3406 est,
1054 3335 1209 3394 cruentas
1220 3330 1336 3414 spicas
1350 3333 1506 3398 metenti·

405 3428 470 3496 bus
480 3431 571 3496 visas
584 3451 672 3495 esse.
715 3428 812 3496 (isere
823 3449 947 3514 porcus
960 3429 1077 3516 biceps
1086 3437 1121 3498 et
1134 3451 1242 3516 agnus
1255 3453 1330 3498 mas
1342 3433 1506 3518 idemque

865 3611 1047 3633 WOOMO

405 3749 422 3793 ι
438 3743 504 3792 ‘Cui
512 3743 578 3794 Η
605 3745 656 3795 eius
664 3749 796 3809 propretor
803 3745 942 3810 presunt.
957 3747 1040 3798 Immo
1048 3753 1145 3810 pretor,
1156 3745 1225 3812 quod
1233 3747 1289 3811 jam
1297 3760 1423 3797 monuere
1435 3747 1506 3798 nuk.

405 3817 435 3858 et
448 3807 532 3858 Creu!
550 3809 698 3872 Ram-b
715 3815 722 3840 ¹
734 3809 805 3860 Sicut
815 3811 849 3861 P.
860 3811 970 3862 Manlius
980 3817 1070 3863 tneor.
1095 3813 1147 3863 Hic
1157 3820 1197 3862 eet
1208 3813 1263 3870 ille,
1272 3827 1348 3876 quem
1361 3813 1406 3862 tib.
1415 3826 1506 3863 nvn.

408 3874 438 3922 C.
450 3873 584 3923 Metilium
601 3875 785 3924 nominavimus
796 3887 830 3923 ex
847 3877 977 3926 veteribus
986 3877 1067 3934 libris,
1077 3893 1136 3928 corn
1151 3879 1180 3927 C.
1192 3877 1300 3927 Manlius
1311 3877 1388 3940 ιιΙςο
1404 3877 1507 3940 legere·

405 3938 468 3990 tur.’
485 3937 617 4001 Signa-t
635 3939 667 3990 lu
679 3939 746 3990 Edd.
764 3947 825 3990 ante
840 3942 923 3993 Grau.
940 3943 1048 3994 cuditis.
1065 3943 1129 4006 Ber.
1145 3941 1245 3993 relictis.
1264 3941 1326 3992 Put.
1343 3942 1418 3992 Meo.
1428 3943 1506 3993 Voss.

403 4003 523 4067 meno.

900 4135 1011 4188 sorra

440 4245 447 4280 ¹
466 4247 510 4310 Ut,
520 4247 616 4311 mltegae
628 4247 695 4309 juris
709 4249 813 4300 ιιιιιιοιιι
829 4251 936 4318 indita]
974 4251 1073 4303 tionem
1090 4264 1162 4301 ruam
1173 4248 1318 4308 mandaret,
1329 4255 1442 4316 accepta
1459 4207 1506 4302 ea·

407 4321 467 4372 llos
482 4323 537 4387 jam
559 4330 636 4373 antea
651 4322 748 4377 facturn
769 4327 889 4389 vidimus,
904 4337 935 4379 ιιι
974 4336 1016 4382 tra
1027 4331 1118 4383 urbem
1129 4329 1363 4381 udmiuistratioue.

406 4405 505 4464 pretor
524 4401 676 4466 peregrinus
693 4402 792 4454 urbano
810 4404 933 4470 Junedie·
