3259 5225
502 537 575 587 arr.
599 534 746 585 xxrrrr.
768 534 851 584 css.
872 518 926 585 it.
1156 518 1244 585 2421

150 683 353 753 hauddubie
366 690 498 750 vertunt
514 682 612 748 Poeni
629 680 866 766 Numidasque.
896 678 941 746 Et
954 677 1063 765 primo
1076 683 1244 747 turmatim

152 787 306 865 abibant,
329 786 411 852 nihil
435 792 570 871 propter
593 802 750 867 pavorem
780 782 1065 848 festinationemve
1091 783 1245 849 contusis

152 891 343 956 ordinibus:
367 890 454 967 dein,
473 893 652 973 postquam
668 886 780 951 acrius
794 884 923 951 ultimis
936 884 1106 951 incidebat
1120 885 1245 952 idoma-

152 1012 228 1072 nus,
249 1010 355 1077 neque
377 991 538 1058 sustineri
560 992 710 1074 impetus
728 995 874 1075 poterat,
898 986 979 1053 nihil
998 986 1070 1073 jam
1092 988 1245 1055 ordinum

152 1112 325 1171 memores,
351 1094 494 1178 passim,
523 1111 591 1177 qua
617 1090 741 1175 cuique
763 1090 951 1174 proximum
975 1089 1052 1169 snit,
1077 1092 1111 1157 in
1132 1092 1244 1175 fugam

151 1194 373 1261 effunduntur.
417 1196 462 1261 Et
483 1214 673 1279 quanquam
692 1213 734 1259 eo
753 1193 874 1278 praeiio
891 1193 1098 1280 aliquantum
1117 1202 1151 1261 et
1172 1194 1245 1261 Ro·

151 1297 260 1362 manis
285 1299 376 1364 aucti
392 1304 425 1364 et
441 1298 601 1363 deminuti
620 1296 776 1361 hostibus
793 1294 896 1359 animi
913 1301 1017 1374 eraut,
1032 1302 1144 1361 tamen
1161 1316 1245 1362 nun·

152 1418 255 1483 quam
271 1400 426 1485 aliquot⁶
446 1401 660 1485 insequentes
675 1399 747 1464 dies
761 1398 806 1463 ab
825 1398 1081 1464 excursionibus
1094 1399 1244 1489 equitum

150 1502 302 1586 levisque
317 1509 491 1568 armaturm
508 1509 677 1568 cessatum
689 1508 749 1568 est.

195 1604 249 1667 lt.
271 1604 339 1670 Ubi
355 1606 439 1669 satis
454 1610 588 1669 tentatae
604 1624 662 1689 per
676 1605 748 1669 haec
762 1603 852 1671 levia
866 1602 1143 1670 contaminatius
1156 1610 1246 1683 sunt,

151 1708 246 1791 prior
271 1704 464 1771 Hasdrubai
486 1706 522 1770 in
544 1707 651 1771 aciem
674 1706 792 1791 copias
811 1708 950 1773 aduxit:
972 1706 1094 1772 deinde
1116 1715 1152 1773 et
1171 1708 1244 1773 Ro-

151 1810 242 1875 mani
265 1828 467 1893 processero.
512 1806 579 1872 Sed
602 1813 744 1891 utraque
767 1808 858 1873 acies
879 1828 939 1892 pro
961 1808 1052 1875 valio
1074 1810 1169 1876 stetit
1193 1812 1245 1876 in·

152 1918 298 1993 structa3
322 1917 357 1976 et
377 1930 451 1975 cum
469 1909 512 1976 ab
531 1910 657 1973 neutris
674 1928 785 1993 pugna
799 1919 915 1995 coepta
929 1891 1032 1994 osset,
1040 1912 1115 1998 jam
1128 1912 1184 1978 die
1199 1914 1243 1979 ad

150 2034 310 2087 occasum
329 2014 521 2089 inclinante,
536 2032 558 2077 a
579 2009 689 2076 Poeno
712 2012 818 2095 prius,
834 2011 952 2077 deinde
971 2014 1015 2077 ab
1035 2012 1188 2079 Romano
1208 2016 1244 2079 in

150 2125 263 2183 eastra
278 2118 388 2201 copim
403 2115 561 2181 reductio.
604 2112 684 2180 Hoc
697 2114 786 2179 idem
802 2134 864 2199 per
877 2115 951 2180 dies
961 2116 1094 2201 aliquot
1107 2116 1244 2183 iactum.

150 2216 251 2284 Prior
270 2238 402 2303 semper
416 2218 543 2284 Poenus
558 2216 678 2301 copias
692 2216 815 2283 eastris
833 2218 1016 2300 educebam
1026 2218 1132 2304 prior
1144 2218 1244 2287 fessis
1354 2228 1361 2246 '

150 2322 274 2387 stando
296 2322 426 2404 signum
447 2318 594 2404 receptui
615 2318 742 2383 dabat-¹
787 2317 841 2384 Ab
860 2324 976 2384 neutra
993 2328 1088 2403 parte
1109 2341 1245 2405 procur·

150 2444 237 2502 snm,
253 2423 396 2488 telumve
417 2424 568 2500 missum,
584 2429 642 2486 aut
663 2440 731 2485 vox
745 2421 823 2485 ¹nlla
841 2430 926 2486 orta.
968 2420 1116 2487 Modiam
1138 2425 1243 2489 aciem

150 2528 229 2593 idne
253 2524 411 2605 Romani,
435 2526 527 2590 illinc
554 2524 841 2606 Carthaginienses
862 2523 961 2588 mixti
984 2521 1091 2603 Atria,
1117 2544 1246 2594 cornua

151 2629 240 2695 socii
261 2631 437 2694 tenebant:
461 2635 554 2692 erant
574 2633 683 2692 antem
705 2626 870 2711 utrimque
892 2625 1041 2709 Hispani
1061 2647 1121 2710 pro
1136 2632 1243 2693 corni-

150 2733 227 2797 bus.
271 2729 363 2798 Ante
385 2729 547 2795 Punicum
570 2729 674 2793 aciem
697 2727 865 2812 elephanti
889 2727 1104 2792 castellorum
1125 2731 1244 2814 procul

143 2834 298 2919 ‚speciem
313 2834 528 2917 praebebant¹
564 2829 587 2896 J
590 2851 642 2896 am
658 2831 722 2896 hoc
738 2829 772 2895 in
787 2831 937 2914 utrisque
948 2832 1069 2896 castris
1081 2835 1244 2900 cannonis

150 2943 233 3012 erat,
250 2936 308 3014 ita,
323 2941 361 2998 ut
377 2933 532 2998 instructi
553 2933 734 3010 stetissent,
748 2938 972 3016 pugnaturos;
996 2933 1127 3000 modius
1148 2937 1243 3002 acies

152 3036 346 3102 Romanum
366 3035 587 3120 Poenumque,
607 3052 695 3117 quos
713 3035 800 3099 inter
821 3035 902 3100 belii
923 3053 1030 3101 causa
1050 3045 1153 3116 esset,
1170 3041 1244 3122 pari

150 3139 270 3204 robore
290 3137 472 3203 animorum
490 3155 723 3220 armorumque
744 3143 1012 3202 concursuros?
1055 3138 1171 3223 Scipio
1186 3142 1250 3205 ubi

149 3241 225 3306 haec
245 3240 416 3306 obstinate
437 3237 565 3304 credita
578 3236 830 3318 animadvertit,³
848 3240 958 3304 omnia
977 3238 1019 3304 do
1032 3239 1196 3309 industris
1210 3245 1245 3310 in

182 3417 196 3452 t
212 3409 342 3476 Postquam
352 3411 379 3463 ia
386 3413 457 3477 pedes
465 3425 536 3475 uque
545 3411 577 3460 od
586 3409 749 3460 Μηδένα
757 3413 882 3461 minam.
930 3414 936 3423 '

610 3555 790 3580 W!

152 3675 266 3739 Rupert.
299 3672 368 3722 Add.
379 3672 486 3724 ratimt
496 3673 629 3724 crea-d·
640 3672 691 3723 Per
701 3673 791 3736 aliquot
807 3671 890 3722 (troo.
901 3669 1009 3734 Dcujet.
1020 3671 1100 3720 cres.

187 3744 200 3789 l
218 3740 226 3766 ‘
237 3739 363 3803 iiiepimati
371 3741 519 3788 contritorum
529 3737 714 3803 prmairpecierr
722 3737 866 3802 prodebat.
894 3735 954 3786 sat.
963 3735 1094 3799 maciensi
1102 3732 1246 3796 patebunt.

151 3803 214 3855 Per.
229 3804 379 3868 aequom.
391 3804 463 3854 Men.
474 3804 531 3852 ΡιΙ.
541 3817 616 3864 unua,
626 3803 726 3866 speciem
734 3801 787 3858 aias
794 3799 938 3865 protem
966 3800 1013 3850 Uti
1023 3801 1118 3850 iactam
1128 3807 1158 3848 et
1167 3799 1244 3859 reigo

151 3869 276 3919 irritante
289 3869 372 3917 Rhea.
406 3867 528 3932 Optimus
545 3867 629 3918 sodex
648 3867 738 3922 votuit,
755 3866 873 3930 elephanti
888 3864 1036 3914 mettum
1052 3865 1134 3927 procat
1146 3863 1245 3926 specim

152 3947 198 3984 u:
211 3933 362 3998 prooemii
376 3931 404 3985 J.
422 3934 451 3986 F.
467 3933 599 3984 tiron-a
616 3933 649 3982 ln
668 3931 736 3982 Edd.
755 3939 817 3982 anto
834 3930 918 3981 tiron.
932 3932 1142 3981 mmm-³
1159 3928 1246 3976 ‘Pan

644 4101 754 4155 NOTAE

185 4207 197 4235 ⁹
214 4203 385 4269 concursuros]
402 4199 522 4253 Reierrd
534 4199 678 4253 Romanum
718 4201 826 4252 aliorum
843 4199 999 4264 opinionem,
1015 4203 1129 4247 mantne
1154 4211 1171 4246 a
1187 4195 1245 4246 Sei-

152 4279 333 4346 Poennmqne;
348 4293 411 4343 quoa
423 4279 679 4342 utrosqoeoredtrum
720 4276 797 4341 pione
816 4289 867 4326 oon
882 4288 972 4340 parum
989 4274 1101 4325 contulit
1112 4273 1145 4324 ad
1163 4273 1244 4323 ricto·

153 4353 243 4404 t'rrerat
260 4361 417 4419 pugnaturos
434 4355 519 4403 media
536 4355 560 4402 iu
573 4354 629 4403 acie
640 4353 680 4402 sni
720 4351 793 4404 riam.

153 4433 308 4482 exercitans
329 4431 425 4482 veram
442 4432 483 4482 hic
499 4430 572 4494 ordo,
584 4436 682 4496 prater
