3259 5225
323 513 412 581 21³2
773 532 808 579 r.
832 532 927 582 nrvrr

326 682 380 741 tur
399 682 562 756 mortuos,
578 675 638 741 sed
653 682 696 742 'ne
718 675 869 743 efferrent
890 677 1037 762 quidem,
1057 682 1117 743 aut
1132 677 1322 763 sepelirent,
1333 677 1430 761 jace-

323 786 465 864 rentque
494 784 601 845 strata
631 779 790 844 exanima
814 799 960 865 corpora
984 780 1019 844 iu
1044 788 1234 865 conspectu
1259 774 1431 845 similem⁹

267 942 270 946 .
323 890 464 947 mortem
480 883 750 965 expectantium
773 882 960 966 mortuique
976 901 1094 964 agros,
1105 882 1337 965 angrivalidos,
1351 902 1429 949 cum

322 990 425 1061 metu,
442 990 512 1047 tum
535 984 613 1048 tabe
635 1002 676 1047 ac
701 982 864 1067 pestifero
885 981 990 1048 odere
1008 1004 1198 1069 cumomni,
1214 983 1429 1052 conficerent

321 1086 379 1162 Et,
401 1092 440 1149 ut
459 1085 546 1149 ferro
568 1086 684 1169 potius
708 1091 924 1163 morerentur,
938 1086 1076 1169 quidam
1088 1094 1115 1124 ¹⁰
1135 1087 1341 1152 invadebant
1362 1088 1429 1153 soli

323 1187 468 1253 hostium
481 1188 656 1252 stationes.
686 1185 798 1253 Multo
813 1188 992 1262 tamensis
1006 1187 1115 1269 major
1128 1190 1235 1272 pestis
1246 1188 1428 1257 Poeuornrn

323 1296 443 1363 castra,
457 1308 557 1374 quam
572 1288 736 1362 Romana,
746 1289 823 1374 (diu
840 1287 1110 1354 circumsedendo
1124 1289 1324 1374 Syracusas,
1339 1290 1428 1355 coeio

324 1394 490 1476 aquisque
507 1399 679 1457 assuerant
687 1392 794 1473 magis
803 1388 833 1474 q)
847 1390 1015 1457 affecerat.
1058 1390 1114 1456 Ex
1128 1393 1272 1457 hostium
1286 1395 1311 1430 ¹¹
1334 1411 1426 1457 exer·

322 1497 390 1559 citu
404 1496 525 1575 Siculi,
540 1504 579 1561 ut
590 1496 734 1580 primum
748 1495 862 1561 videre
876 1516 921 1561 ex
938 1497 1104 1581 gravitate
1114 1494 1182 1560 loci
1198 1494 1325 1575 vulgari
1340 1511 1427 1558 mor·

322 1596 398 1677 bos,
426 1599 460 1664 in
481 1618 562 1663 snas
583 1598 727 1683 quisque
748 1599 954 1683 propinquas
977 1600 1080 1663 urbes
1102 1597 1226 1681 dilapsi
1242 1603 1333 1661 sunt.
1377 1596 1428 1661 At

322 1697 625 1785 Carthaginienses,
651 1701 776 1786 quibus
799 1720 966 1784 numnam
980 1706 1137 1784 receptus
1150 1706 1235 1774 erat,
1251 1718 1329 1761 cum
1340 1698 1428 1781 ipsis

321 1803 466 1871 ducibus
482 1806 701 1890 Hippocrate
714 1812 815 1889 atque
828 1805 1034 1883 Himilcone,
1043 1806 1087 1871 ad
1096 1804 1346 1870 internecionem
1355 1824 1426 1868 onr-

321 1924 383 1971 nee
397 1908 576 1991 perierunt.
620 1907 815 1985 Marcellus,
831 1913 871 1971 ut
887 1914 981 1973 tanta
996 1910 1048 1973 vis
1062 1907 1237 1989 ingruebat
1250 1904 1344 1982 mali,
1359 1912 1427 1971 tra·

322 2006 503 2073 duserat¹²
526 2009 562 2073 in
576 2009 689 2073 urbem
701 2027 803 2089 enos3
825 2007 1024 2094 infirmaque
1045 2027 1190 2092 corpora
1201 2012 1337 2072 tectaet
1352 2025 1424 2071 nm-

321 2109 393 2177 brae
407 2115 648 2176 recreaverunt.
661 2110 779 2176 'Multi
795 2118 904 2177 tamen
918 2131 962 2177 ex
977 2111 1131 2177 Romano
1145 2109 1295 2175 exercitu
1306 2108 1425 2175 eadem

320 2216 417 2295 peste
428 2214 579 2279 absumti
593 2220 681 2279 sunt

363 2312 418 2381 27.
442 2316 563 2381 Deleto
582 2318 727 2382 terrestri
747 2316 877 2383 Punico
902 2318 1063 2397 exercitu,
1081 2315 1200 2393 Siculi,
1215 2314 1275 2398 qui
1288 2313 1426 2397 Hippo-

321 2416 425 2482 cratis
446 2418 568 2485 milites
590 2419 731 2497 fuerant,
754 2419 789 2483 in
810 2419 899 2485 lraud
921 2438 1042 2503 magna
1060 2418 1199 2505 oppida,
1222 2421 1368 2481 ceterum
1391 2420 1426 2479 et

319 2520 391 2583 situ
405 2524 441 2585 et
456 2522 668 2587 munimentis
689 2528 776 2599 tuta,
798 2521 878 2601 (tria
894 2522 1002 2589 millia
1021 2523 1160 2588 alterum
1174 2526 1218 2589 ab
1233 2524 1427 2610 Syracusis,

319 2622 460 2690 alterum
475 2624 667 2708 quindecim
683 2621 817 2708 abest‚')
839 2645 881 2691 eo
899 2632 936 2690 et
953 2632 1160 2692 commeatus
1172 2633 1218 2674 ¹³·
1244 2627 1423 2693 ecivitati-

778 2821 961 2844 ”Oommn

317 2951 385 3003 Edd.
393 2960 452 3004 ante
461 2952 594 3005 (iren-tt
606 2955 702 3020 stpsss
710 2955 811 3006 auditur
821 2957 888 3007 Edd.
900 2962 962 3007 ante
969 2955 1117 3008 Gran-lo
1127 2957 1204 3006 Ferro
1213 2957 1317 3020 quidm.
1326 2955 1422 3006 iterato

320 3019 423 3067 nomine
432 3018 601 3084 ferm„Grut.
611 3021 717 3070 ali-ll
735 3021 877 3085 symm.
885 3025 949 3074 soeds
959 3024 1073 3090 upaisqss
1081 3022 1196 3088 affecerat
1206 3022 1292 3084 aegis.
1309 3022 1352 3071 Es
1359 3021 1422 3072 itast.

319 3081 388 3132 Edd.
403 3091 464 3132 ante
477 3083 659 3134 tironem-12
676 3084 721 3135 nt.
737 3088 880 3136 addeum

354 3151 383 3196 ts
400 3150 408 3176 ⁸
421 3148 562 3204 Quindecim
569 3150 599 3198 si
613 3150 683 3199 Osts'e
692 3156 716 3200 st
726 3165 809 3202 msam.
822 3151 890 3201 ΕΜ.
899 3159 962 3201 snte
972 3150 1090 3201 (irenes.
1101 3150 1261 3200 Aduerbiunr
1272 3148 1421 3201 redundans

319 3226 354 3274 so,
362 3227 421 3263 cum
434 3213 489 3276 jsm
501 3211 620 3265 affuisset
629 3215 656 3265 s’a
666 3215 761 3280 oppido,
772 3224 833 3282 post
843 3217 1010 3282 parenthesin
1020 3216 1214 3281 interpositam,
1225 3215 1422 3281 perspicuitatis

813 3395 925 3449 NOTAE

317 3503 413 3555 rioreru
434 3504 598 3571 negationem
626 3508 720 3560 toiiunt
746 3517 851 3561 veteres
887 3527 987 3575 norum,
996 3510 1066 3578 quod
1076 3510 1113 3561 iiii
1118 3511 1175 3575 jam
1183 3508 1239 3560 aeri
1247 3510 1420 3574 Syracusano,

316 3581 421 3632 codices
434 3584 565 3648 etprisca
582 3584 673 3648 editio,
690 3587 791 3650 integro
810 3596 851 3637 ts·
887 3597 1031 3653 utcumque
1041 3585 1268 3650 corrupto,magis
1281 3591 1370 3634 essem
1381 3600 1422 3635 as·

316 3673 377 3710 men
389 3675 474 3724 sensu,
485 3662 638 3713 utGrnnos.
646 3664 792 3729 contendit,
803 3665 850 3715 ad·
887 3663 997 3716 suaiscti
1008 3665 1133 3716 diuturna
1144 3675 1225 3713 mors.

317 3736 396 3788 ducto
419 3738 477 3788 iero
499 3737 576 3801 Livii,
598 3738 641 3792 tib.
660 3752 699 3789 vt.
716 3740 775 3791 ‘Ut
796 3755 849 3791 non
920 3742 1054 3796 'Alterura
1071 3739 1204 3804 usiadem
1226 3736 1305 3800 udat]
1333 3737 1421 3802 Vulgo

316 3813 393 3864 modo
415 3815 450 3864 ad
469 3814 628 3866 tribunatum
649 3815 759 3866 militnm
779 3817 849 3868 iuter
887 3817 995 3882 iegitur,
1014 3818 1117 3867 merses
1142 3815 1275 3879 pedena
1295 3814 1326 3864 sb
1350 3817 1421 3879 saio,

282 3925 292 3946 t
315 3891 438 3954 patricios
450 3891 602 3956 petendum,
612 3893 659 3944 sed
671 3909 704 3944 ne
714 3894 747 3944 ad
758 3895 849 3959 plebe·
887 3907 947 3944 cum
966 3908 1017 3944 non
1034 3901 1161 3957 appareat
1174 3890 1241 3955 quod
1258 3889 1321 3940 illud
1334 3891 1369 3939 rit
1379 3905 1420 3942 os·

315 3967 355 4016 ies
372 3966 476 4032 quidem
495 3967 661 4032 magistratus
676 3971 858 4034 capessendos·
887 3971 959 4020 stum.
992 3970 1088 4019 Posset
1098 3967 1204 4033 quidem
1224 3967 1336 4031 intelligi
1355 3967 1421 4017 esti·

315 4043 468 4094 nilianimns
478 4043 567 4095 esset!
887 4061 931 4097 nm
942 4046 1030 4111 Anapi
1043 4045 1164 4101 fluminis,
1175 4045 1217 4093 vei
1234 4044 1321 4093 omisa
1336 4045 1421 4108 mai

347 4120 442 4170 rcoeto
476 4121 586 4185 squinae
609 4129 733 4174 maesse
756 4125 847 4190 mgis]
884 4121 1420 4187 postssreojnspostesnenrinineapte.

314 4193 409 4258 Vulgo,
425 4197 488 4246 sads
501 4197 612 4262 uqsispse
628 4201 742 4264 effecerat
759 4203 846 4264 nugis.
886 4200 939 4250 Sed
947 4200 1009 4249 iliud
1017 4200 1096 4263 justa
1103 4199 1252 4262 Syracusas,
1263 4198 1312 4246 iroe
1320 4197 1353 4245 ad
1362 4197 1423 4261 ipsa

314 4268 435 4320 Correxit
461 4272 579 4322 Gronov.
599 4287 637 4325 tv.
660 4275 800 4328 observat.
821 4281 846 4328 8.
886 4276 991 4327 moeuis.
1023 4273 1358 4339 InCoibertiuoscripturn
1368 4281 1420 4338 est,

313 4341 493 4396 Iudicatenius
504 4346 710 4402 Austorideirco
720 4351 846 4404 minorem
884 4352 917 4401 sb
931 4347 1019 4409 hester
1034 4352 1082 4401 sed
1096 4365 1113 4400 s
1128 4349 1245 4400 rectruda
1260 4363 1338 4399 nrsnn
1357 4363 1419 4400 curn

312 4417 392 4472 fuisse
400 4421 575 4476 Romanorum
581 4424 774 4494 utrumquem
785 4429 845 4480 Poe·
885 4437 964 4483 sutas
973 4428 1089 4482 essetab
1104 4427 1166 4478 estio
1174 4443 1185 4488 ς
1199 4431 1229 4478 et
1238 4426 1318 4478 hostis
1325 4425 1418 4478 hesuss
