3259 5225
383 506 472 575 2410
859 526 896 575 r.
921 524 1016 577 nrvrr
1110 487 1114 493 ⁴

425 670 459 735 9.
482 668 640 737 Extremo
658 670 788 737 ruentis
804 669 891 755 ejua,
906 690 977 755 qua
989 670 1064 737 hnc
1078 670 1115 736 iu
1129 668 1266 737 Gracia
1278 672 1377 752 genta
1389 672 1482 747 eunt,

384 790 459 837 cum
483 770 528 851 Q.
544 770 672 837 Fabius
697 771 866 837 Maximi·
888 772 981 861 illiue
987 777 998 807 ¹
1018 774 1149 856 legatus
1162 773 1207 837 ab
1224 771 1275 837 Μ.
1289 771 1389 836 Liuio
1403 790 1484 835 cou-

382 874 457 938 uule
472 872 619 939 Romam
633 872 676 939 ad
693 882 866 941 secretum¹
888 876 1088 951 nuntiasset,
1102 874 1276 941 conuulern
1291 875 1377 940 uatis
1394 892 1482 957 prar-

382 974 462 1041 sidii
485 975 611 1043 Gallim
635 976 820 1059 provinciae
840 977 974 1042 credere
995 976 1035 1041 L.
1049 975 1207 1041 Porcium
1224 997 1299 1042 cum
1313 976 1384 1041 unia
1398 974 1483 1057 legi·

382 1077 504 1143 onibus
525 1096 611 1156 eure,
627 1076 785 1143 decedere
803 1098 841 1143 se
863 1078 940 1143 iude
963 1098 1005 1143 ac
1026 1076 1148 1143 deduci
1161 1076 1341 1144 exercitum
1357 1094 1482 1141 conuu-

381 1176 486 1242 larem
515 1198 631 1265 posse,
659 1180 779 1247 Patren
807 1200 874 1245 nou
903 1179 955 1245 Μ.
982 1179 1113 1246 livium
1141 1186 1275 1245 tantum
1300 1177 1410 1243 redire
1437 1177 1482 1244 ad

291 1294 295 1312 ²
381 1276 519 1361 Urbem,
534 1282 592 1348 sed
616 1283 780 1367 collegam
803 1302 938 1367 quoque
956 1281 1033 1367 ejus
1047 1282 1088 1349 G·
1103 1280 1282 1348 Claudiurn
1297 1281 1480 1365 jusserunt.

382 1380 425 1447 Id
452 1385 554 1451 modo
576 1387 611 1451 iu
634 1386 768 1452 decreto
789 1385 952 1465 interfuit,
973 1385 1066 1471 quod
1090 1384 1143 1451 Μ.
1163 1382 1254 1449 Livii
1274 1382 1480 1449 exercitum⁸

380 1484 509 1565 reduci,
535 1489 679 1555 Neronis
702 1489 852 1573 legiones
877 1486 1062 1553 Hannibali
1087 1487 1265 1572 oppositae
1286 1503 1422 1551 manere
1444 1488 1481 1551 in

380 1589 553 1671 prouincia
570 1591 759 1675 jusserunt.
812 1591 907 1656 Inter
930 1589 1088 1654 consules
1111 1589 1160 1654 ita
1180 1607 1239 1672 per
1259 1586 1375 1652 literae
1397 1606 1481 1653 con·

380 1692 480 1769 veuit,
496 1698 543 1771 ut,
559 1693 841 1778 quemadmodum
859 1711 926 1758 uno
946 1693 1057 1756 animo
1074 1710 1144 1756 rern
1165 1690 1336 1773 publicam
1355 1688 1481 1771 gesna·

380 1798 478 1871 aaut*
504 1795 562 1870 ita,
586 1814 778 1881 quanquam
804 1814 849 1861 ex
873 1794 1017 1859 diversio
1040 1794 1229 1878 regionibus
1242 1791 1480 1871 'murenireut

379 1913 447 1959 uno
469 1901 619 1981 ternpore
640 1895 683 1962 ad
708 1895 834 1962 Urbem
856 1896 1065 1961 accederent.
1109 1894 1281 1960 Praeueste
1304 1894 1365 1979 qui
1386 1890 1480 1977 prior

380 1997 543 2077 uenisset,
565 1998 726 2082 collegam
746 1999 794 2063 ibi
818 1998 967 2082 opperiri
984 1996 1114 2082 jurene.
1158 1997 1263 2063 Forte
1283 1997 1333 2061 ita
1359 1996 1480 2076 euenit,

379 2106 418 2163 ut
442 2101 561 2166 eodem
582 2100 637 2165 die
661 2102 760 2166 ambo
782 2101 958 2166 Praeneste
980 2100 1143 2165 venirent.
1186 2098 1275 2165 Inde
1297 2098 1478 2182 praemiauo

378 2200 516 2282 edicto,b
539 2209 576 2268 ut
601 2202 712 2268 triduo
736 2212 819 2289 pont
840 2203 995 2288 frequens
1017 2209 1171 2268 uenatuu⁶
1197 2201 1242 2266 ad
1267 2200 1375 2266 aedem
1396 2200 1480 2266 Bel·

836 2348 1016 2371 mame

412 2433 425 2479 l
444 2430 497 2487 ⁸0.
518 2432 607 2481 Fabiae
626 2432 732 2483 Maximi
749 2433 889 2483 Verrucoai
908 2432 1070 2485 cunctatoris
1080 2432 1169 2498 filim
1185 2431 1224 2482 ita
1237 2432 1290 2482 bia.
1306 2430 1376 2481 Gud-
1395 2437 1479 2481 recta.

379 2495 485 2545 Mandrai
496 2497 528 2547 P.
539 2498 601 2547 Pur.
613 2504 640 2546 et
652 2498 722 2548 Flor.
742 2498 863 2549 Mna-inae
875 2500 907 2549 P.
919 2498 983 2563 pleri
1005 2513 1037 2548 ue
1048 2498 1113 2547 Mar·
1122 2498 1190 2547 unde
1198 2510 1332 2561 perperam
1344 2496 1404 2545 edd.
1415 2506 1479 2547 anta

377 2559 461 2610 Dralr.
475 2562 673 2626 nusiamento
683 2572 710 2614 ct
720 2568 820 2627 muter.
834 2564 887 2614 Sed
895 2565 953 2630 quia
963 2514 1074 2614 dlloruru
1083 2563 1192 2614 Maximi
1202 2562 1227 2611 b.
1237 2563 1256 2611 Ι.
1266 2562 1401 2611 innuitur?
1416 2576 1478 2612 naar

378 2627 429 2676 duo
448 2627 484 2676 illl
500 2626 574 2678 fuere
592 2627 705 2691 rjrudeur
723 2630 907 2693 praenorniule3
923 2629 993 2696 quod
1011 2643 1063 2679 nou
1078 2630 1135 2679 uiue
1154 2629 1274 2692 exemplo
1292 2641 1360 2683 erre,
1378 2627 1479 2679 docent

378 2690 461 2740 Drak.
476 2693 578 2742 Duker.
595 2695 699 2743 Manat.
717 2693 750 2742 ad
763 2695 819 2745 Cic.
831 2694 864 2744 ad
881 2694 941 2744 Diu.
953 2707 1016 2744 rrrr.
1027 2697 1051 2743 8.
1079 2694 1240 2757 Suspicarer,
1252 2693 1368 2754 bfaaiao
1380 2700 1478 2755 prater

377 2755 423 2805 lror
437 2759 541 2807 tertium
553 2756 632 2808 fuirre
644 2758 733 2814 filiurn,
745 2773 857 2824 eumque
868 2759 895 2809 b.
907 2759 924 2806 l.
938 2757 1084 2809 memorari·
1115 2758 1168 2808 Sed
1183 2759 1267 2809 tribur
1285 2757 1345 2807 tillir
1355 2757 1424 2806 idern
1435 2757 1478 2807 fu·

377 2819 429 2869 lare
440 2834 597 2884 praenomen,
610 2823 651 2872 ula
662 2824 836 2874 crediderim·
853 2825 955 2888 Raram·
985 2824 1106 2874 rrum
1116 2829 1186 2887 pater
1201 2823 1284 2873 Grau·
1302 2823 1380 2885 Douj.
1398 2823 1478 2874 Crcr.

377 2890 426 2934 -2
443 2887 561 2942 ‘Romam
571 2890 603 2938 ud
612 2895 719 2938 acaum
729 2890 825 2938 rafam.
843 2889 903 2938 Pur„
915 2896 944 2938 et
955 2890 1075 2938 meliore·
1092 2889 1235 2938 excludunt
1249 2885 1280 2937 rb
1293 2885 1395 2936 afran!
1409 2887 1437 2938 J.
1448 2887 1479 2939 F.

377 2949 508 3001 crau-a
525 2959 533 2981 ⁸
547 2951 608 3004 Put.
618 2954 714 3004 diuite:
732 2953 827 3014 acribo,
836 2956 898 3017 qaod
908 2953 947 3004 Μ.
956 2953 1025 3003 nteit
1035 2958 1060 3002 et
1068 2953 1207 3003 wardan.
1233 2953 1389 3016 Nouiorum
1400 2951 1478 3001 modo

377 3015 476 3071 uenire,
492 3017 537 3066 red
557 3025 585 3068 et
602 3018 745 3068 exercitum
763 3019 821 3081 ejus
838 3017 948 3069 reduci!
967 3019 996 3067 J.
1015 3017 1045 3067 F.
1066 3018 1144 3066 Gran.
1178 3017 1273 3068 Dedaci
1291 3017 1415 3067 Creu-t
1434 3015 1478 3066 Ar.

377 3087 437 3131 ante
449 3081 530 3132 Grou.
541 3096 592 3132 rear
600 3085 738 3146 gruinrrt.
757 3083 839 3134 Grou.
849 3091 936 3134 antem
948 3080 1238 3148 rmpnttienueterdtr
1249 3089 1344 3132 contra
1353 3081 1477 3147 Sigon,-

871 3185 980 3239 Nom

376 3288 487 3346 patrem·
504 3283 828 3349 Curandar,lfacedonioe
835 3291 905 3371 ροη-
943 3297 986 3334 uro
1003 3281 1050 3332 biii
1065 3287 1162 3338 aurat,
1179 3281 1247 3332 baud
1264 3283 1373 3332 nrnlturn
1391 3279 1477 3332 refert

376 3371 408 3406 ea
420 3371 578 3414 ramorum
590 3359 903 3426 nomaufmporuit,quod
943 3358 978 3409 da
998 3359 1109 3423 maiore,
1127 3359 1174 3423 qui
1194 3357 1274 3421 paulo
1295 3366 1356 3423 port
1374 3371 1390 3408 a
1409 3357 1477 3408 viria

376 3433 461 3485 adbuc
473 3443 571 3485 manet.
943 3434 1018 3495 exiit,
1027 3448 1060 3484 uu
1071 3434 1104 3482 de
1116 3434 1215 3482 minore
1226 3435 1269 3499 qui
1281 3435 1324 3483 ria
1337 3433 1476 3498 pueritiam

409 3515 422 3544 ⁸
433 3509 463 3566 Q.
478 3509 568 3561 rento
578 3511 684 3563 Maximi
695 3511 844 3578 [Mrem]
855 3513 904 3562 Co·
943 3523 1072 3574 egrcarur.
1086 3509 1219 3572 intelligar
1229 3509 1300 3574 quod
1311 3510 1355 3560 bic
1369 3509 1477 3574 dicitur,

376 3585 565 3637 dieermaltcrir
574 3598 642 3639 notar
650 3589 787 3654 adjiciunt,
795 3590 829 3640 Ρ.
838 3591 904 3653 lega·
943 3587 1057 3650 legatum
1070 3599 1163 3651 nempe
1175 3585 1284 3637 Romam
1294 3603 1311 3638 a
1327 3587 1403 3637 Lirin
1413 3601 1477 3638 eoa·

374 3669 423 3725 tae,
433 3665 502 3730 qood
521 3667 596 3730 primi
608 3667 721 3717 editorer
735 3663 905 3718 'reddiderant
944 3664 1000 3713 aule
1011 3662 1099 3713 fuirre.

372 3745 474 3804 pratum
490 3741 611 3804 Sigonlur
631 3747 716 3806 puter:
733 3742 759 3791 id
770 3742 904 3793 Grouorio
979 3739 1125 3791 ll’raau'aao
1135 3740 1225 3806 caco]
1237 3741 1340 3805 Nempe
1350 3754 1476 3805 exurere,

375 3815 507 3880 diaplieet,
524 3818 556 3874 Q.
572 3818 673 3870 Fabium
689 3825 807 3868 extrema
825 3824 904 3870 atate
945 3831 996 3880 qno
1007 3817 1159 3882 intueretur,
1177 3817 1243 3867 foria
1261 3817 1378 3867 bortibua
1389 3817 1416 3866 iu
1432 3831 1476 3867 ar·

375 3892 494 3943 functum
506 3895 587 3959 legati
595 3894 628 3943 ad
640 3896 696 3945 brec
708 3909 824 3952 munere,
836 3909 904 3960 pra·
943 3893 1004 3944 bern
1024 3895 1137 3959 rediena,
1154 3893 1269 3944 adictunr
1287 3892 1476 3957 promittebat,

374 3972 464 4021 rertirn
481 3985 539 4022 cunr
555 3985 641 4036 neque
659 3985 718 4021 eoru
738 3970 802 4020 urbe
820 3971 904 4021 exitu·
945 3978 975 4020 nt
986 3969 1139 4020 conveniret
1148 3971 1331 4033 renatm3ulri
1339 3970 1477 4033 majorali·

375 4059 431 4096 rour
451 4061 510 4097 cunr
529 4047 603 4097 Liria
621 4048 727 4098 conante
739 4046 821 4099 fnirre
838 4047 904 4099 indi·
943 4047 1001 4112 quir
1013 4047 1180 4111 magistratus
1191 4047 1218 4096 lu
1229 4045 1294 4097 urbe
1307 4053 1392 4096 earet:
1409 4051 1476 4096 tune

374 4131 418 4174 cet
434 4125 558 4175 monitum
573 4124 606 4175 ab
624 4138 655 4174 ec
670 4123 754 4174 eidem
769 4123 844 4174 Livio
858 4123 904 4175 da·
943 4124 1013 4174 enirn
1034 4137 1050 4172 a
1070 4123 1164 4188 majori
1180 4123 1338 4188 magiarum
1362 4121 1476 4172 dabatur

375 4205 430 4248 tom
446 4199 598 4250 lib.xxrrr.
611 4203 689 4251 cto.
723 4200 803 4250 (indii
818 4200 904 4251 codex
943 4201 1003 4250 hnic
1019 4199 1115 4252 rniuarf
1134 4201 1300 4266 magiatratni
1321 4199 1475 4251 aduenienti

374 4274 462 4335 babet,
479 4277 539 4325 Caar
557 4279 588 4333 Q.
607 4275 696 4326 Fabiae
713 4277 819 4326 unani
831 4277 905 4344 βίω
944 4281 1058 4329 acuatur.

372 4351 473 4412 mutar.
507 4351 559 4402 Sed
575 4365 634 4403 cunr
651 4351 704 4404 duo
721 4352 803 4404 Fabiu
820 4353 906 4404 bfui-
