3259 5225
365 583 452 652 2286
734 657 737 664 ,
829 599 865 649 r.
889 598 988 648 nrvrr

364 745 467 811 ictum
489 761 530 808 ac
553 761 658 830 prope
671 744 761 810 omui
776 749 864 810 tecte
878 727 1056 814 nudatumr
1079 739 1201 808 iisdem
1216 743 1318 811 teme
1339 741 1462 808 diebus

363 847 527 930 Anagniae
552 845 711 926 terram‚¹⁶
736 851 813 912 anm
837 854 968 931 portam
991 846 1127 924 ictam,¹¹
1152 845 1238 912 diem
1262 865 1304 911 ac
1325 853 1460 912 nectem

364 951 436 1016 siue
460 949 528 1014 ulle
558 948 645 1032 ignis
675 951 830 1014 alimento
859 949 1005 1014 arsisse:
1031 952 1065 1013 et
1089 968 1184 1025 arcs,
1208 947 1252 1014 ad
1276 947 1460 1032 compitum

364 1051 604 1133 Anagninum
624 1053 658 1116 in
679 1051 756 1117 lucc
778 1050 901 1116 Diania
916 1049 1015 1115 nidos
1029 1050 1065 1114 iu
1079 1051 1251 1116 arboribus
1263 1050 1461 1136 reliquisset

361 1153 551 1220 Terracina
575 1154 608 1219 in
630 1153 713 1218 mari
727 1153 816 1218 haud
833 1153 951 1237 procul
966 1160 1066 1236 portu
1082 1171 1208 1236 angues
1222 1151 1460 1233 magnitudinis

362 1255 454 1322 mirae
476 1256 720 1322 lascivientium
741 1255 887 1339 piscium
902 1253 1002 1318 morlo
1016 1254 1245 1320 exultasset¹⁷
1266 1253 1461 1338 Tarquiniis

361 1377 497 1442 porcum
512 1378 585 1424 cum
601 1378 657 1424 are
672 1359 816 1423 humano
831 1357 995 1440 genitum:
1021 1363 1056 1421 et
1071 1357 1106 1420 in
1120 1375 1202 1440 agre
1215 1356 1401 1440 Capenate,
1415 1357 1459 1423 etl

360 1459 474 1526 lucum
498 1460 664 1538 Feroniae,
685 1469 830 1546 quatuor
855 1460 982 1541 signa·
1002 1460 1164 1541 sauguine
1185 1460 1287 1524 multo
1306 1457 1393 1524 diem
1416 1477 1460 1526 ac

360 1571 493 1628 nectem
513 1563 670 1629 sudasse.
715 1563 804 1628 Hoec
824 1560 979 1647 prodigia
995 1562 1118 1626 bestiis
1136 1561 1320 1646 majeribus
1338 1581 1459 1644 precn-

359 1671 432 1730 rata
454 1665 587 1732 decreto
609 1665 818 1750 pontificum,
832 1671 868 1730 et
889 1665 1092 1750 supplicatio
1109 1664 1196 1730 diem
1218 1682 1322 1729 unum
1337 1661 1458 1728 Reman

360 1767 404 1832 ad
421 1768 532 1832 omnia
544 1767 744 1853 pulvinaria,
765 1768 919 1847 alterum,
934 1768 969 1832 in
987 1765 1161 1851 Capenate
1179 1785 1273 1850 agre,
1289 1765 1331 1831 ad
1354 1765 1459 1832 Ferc-

358 1870 424 1936 uiae
439 1871 566 1948 lucum,
581 1870 713 1936 indicta.

400 1975 434 2037 6.
457 1972 508 2037 M.
523 1973 681 2038 Valerius
704 1972 819 2037 consul
841 1973 945 2037 literis
966 1971 1112 2050 excitus,
1132 1971 1306 2056 provincia
1327 1969 1459 2036 exerci-

357 2083 460 2159 tuque
481 2073 640 2141 mandate
664 2075 782 2142 Cincio
803 2077 953 2159 praetori,
970 2075 1019 2140 M.
1035 2074 1174 2140 Valerio
1191 2073 1355 2139 Messalla
1370 2091 1458 2158 prae-

356 2177 446 2243 fecto
471 2176 592 2242 classis
617 2196 692 2242 cum
715 2183 810 2262 parte
834 2179 970 2242 navium
989 2179 1025 2242 in
1040 2176 1190 2242 Africam
1204 2175 1389 2262 praedatum
1409 2176 1459 2240 si·

356 2281 424 2344 mul
449 2280 735 2364 speculatumque,
759 2299 837 2364 quse
861 2281 1008 2364 populus
1035 2279 1321 2364 Carthaginiensis
1343 2286 1459 2363 ageret

356 2393 567 2467 pararetque,
582 2383 702 2461 misso,
717 2383 792 2466 ipse
812 2382 929 2446 decem
950 2382 1094 2446 navibus
1114 2380 1258 2448 Romam
1273 2379 1458 2466 profectus,

356 2502 433 2549 cum
456 2503 615 2568 prospere
636 2484 858 2570 pervenisset,
874 2493 1029 2548 senatum
1041 2485 1214 2568 extemplo
1231 2485 1356 2550 babuit.
1401 2483 1457 2549 lbi

357 2585 399 2651 de
422 2587 493 2654 suis
516 2588 617 2653 rebus
640 2586 742 2670 gestis
763 2589 1048 2653 commemoravit.
1091 2586 1205 2653 ‘Cum
1225 2605 1329 2653 annos
1348 2605 1457 2672 prope

354 2690 534 2773 sexaginta
556 2690 590 2754 in
612 2690 753 2756 Sicilia⁰
775 2699 862 2757 terra
881 2691 1033 2777 marique
1048 2710 1144 2775 saepe
1157 2691 1285 2774 magnis
1298 2690 1456 2755 cladibus

355 2790 513 2857 bellatum
536 2796 637 2871 esset,
651 2810 689 2858 se
706 2812 781 2858 eam
794 2792 1003 2878 provinciam
1018 2793 1232 2859 coniecisse·
1275 2792 1454 2859 Neminem

355 2892 661 2977 Carthaginiensem
687 2894 722 2959 in
746 2894 868 2961 Sicilia
890 2914 986 2960 esse:
1017 2896 1183 2961 neminem
1209 2896 1371 2975 Siculum,
1394 2898 1455 2982 qui

385 3074 405 3101 ¹⁸
421 3068 522 3119 Statuas
531 3074 640 3133 quam·
960 3104 965 3111 -

386 3140 401 3165 ⁸
417 3132 1104 3199 &patarargthtctttmtasmproetaeta

810 3276 994 3299 OWMMO

333 3378 341 3385 '
353 3375 447 3443 gerat)
458 3377 606 3427 nera-ta
621 3376 694 3427 ‘Pte
704 3382 794 3427 terrers
812 3385 879 3429 rett.
899 3378 976 3429 cedd.
985 3376 1099 3429 efferunt
1110 3376 1152 3427 rel
1162 3382 1266 3437 uma,
1275 3376 1317 3427 vel
1329 3377 1456 3435 tim,

352 3443 395 3493 rel
406 3446 513 3497 marr,
524 3440 593 3491 nude
604 3440 721 3492 Herm
735 3440 846 3493 fcrtsrre
857 3444 995 3507 legendum
1012 3456 1069 3494 esse
1085 3442 1194 3507 conjicit
1213 3442 1358 3495 Rubenius.
1390 3442 1454 3501 fleti,

353 3518 437 3559 utrum
457 3520 510 3555 mes
531 3504 642 3557 llermar
660 3514 722 3557 aute
743 3508 844 3559 urbium
863 3517 953 3574 pertas
972 3508 1085 3572 penendi
1103 3509 1131 3557 in
1148 3506 1227 3559 ltslia
1245 3508 1368 3573 riguerit,
1380 3516 1454 3559 reeta

352 3572 456 3624 dubitat
466 3570 608 3623 Dukerusss
623 3572 809 3636 bonag-rr
826 3572 869 3624 tt
883 3573 1057 3638 pixis-nors
1067 3573 1144 3624 exau

848 3704 956 3755 ΝΟΊῈ

373 3805 391 3833 ¹
402 3796 879 3863 nemmem-‚memmteu1
919 3800 971 3852 loci
990 3798 1017 3849 itt
1035 3798 1158 3851 Hernicis
1173 3800 1242 3851 iuter
1257 3798 1347 3850 Pictas
1363 3804 1392 3850 et
1402 3798 1453 3850 tte·

351 3873 410 3926 Neu
423 3874 545 3938 displicet
555 3872 667 3924 Rubenii
678 3876 830 3940 conjectura
839 3891 879 3927 te·
919 3878 1058 3935 reatinum,
1069 3892 1121 3943 qus
1137 3876 1165 3927 ln
1178 3878 1243 3926 vlam
1253 3877 1373 3929 Latinam
1384 3876 1455 3928 deti·

351 3951 471 4017 ponentis
491 3950 614 4001 limam.
645 3950 753 4002 Hermas
773 3954 880 4020 quippe,
919 3954 1107 4005 nitlatvicsns.
1140 3954 1355 4017 lsirtcsupcusm
1366 3960 1452 4005 trans·

349 4028 403 4077 sire
414 4026 548 4085 Mercurii,
565 4034 627 4077 ante
638 4036 729 4092 pertas
746 4031 827 4081 statui
838 4046 880 4082 sa·
918 4029 1320 4095 cemmeticensium

347 4107 458 4158 lebant:
477 4114 505 4155 et
523 4103 614 4156 strant
631 4106 796 4171 aliquatenus
813 4110 881 4160 Mss-
952 4109 1063 4160 ’ΔΜ
1078 4122 1150 4173 propr
1167 4108 1294 4170 smgistn
1308 4106 1336 4157 is
1351 4106 1453 4173 Sicilia]

349 4184 416 4247 Reg.
426 4180 529 4249 quidem
541 4191 567 4232 ct
585 4181 647 4233 Put.
665 4182 762 4235 babent
779 4191 880 4238 tm.
920 4184 1052 4237 observat
1063 4185 1154 4251 Sigon.
1162 4184 1195 4234 ab
1206 4184 1258 4249 Ap.
1270 4183 1379 4234 claudie
1388 4198 1449 4235 cen·

349 4258 548 4309 Vesastcelb.
559 4264 668 4312 terras.
684 4259 805 4311 Meusrd.
816 4264 880 4313 tter·
920 4265 986 4327 sule,
1005 4264 1049 4329 qni
1067 4264 1163 4329 primm
1182 4262 1278 4313 bellum
1289 4262 1317 4312 in
1333 4262 1450 4314 Siciliam

348 4348 419 4383 stass
446 4332 498 4383 aad
514 4332 535 4384 ri
553 4333 669 4384 Hermum
685 4334 801 4403 legimus,
819 4340 880 4389 rcri-
921 4342 1063 4404 transtulit,
1081 4340 1114 4391 atl
1125 4341 1175 4391 lruc
1191 4346 1303 4404 tenpus.
1320 4341 1450 4392 auctari

351 4408 461 4460 bendum
474 4409 617 4460 sritictrrra.
921 4423 1052 4469 cuneati.

381 4492 394 4518 ¹
418 4486 553 4551 comtes
577 4486 744 4553 Διιςιίιικ]
778 4491 894 4542 Numen*
