3259 5225
397 569 485 637 2364
879 583 917 634 u.
937 584 1035 635 nrrrr

399 691 549 800 fraudem
568 729 686 818 lapsos
708 749 798 800 esse.
843 729 998 797 Ceterum
1022 706 1118 795 Deos
1139 728 1351 805 immortales,
1372 727 1498 794 miseri·

399 841 453 902 tos
463 845 489 887 ¹⁷
510 835 653 900 nominis
668 833 826 912 Romani,
841 835 1034 918 pepercisse
1048 835 1198 898 innoxiis
1212 831 1436 898 exercitibus:
1450 837 1499 896 te-

398 940 586 1005 meritatem
602 937 776 1004 consulum
790 937 941 1022 ipsomm
957 937 1124 1021 capitibus
1138 934 1363 1003 damnasse.'⁶

441 1043 496 1108 34.
519 1041 605 1107 Cum
620 1040 914 1124 circumspicerent
925 1039 1055 1116 Patres,
1064 1059 1229 1124 quosnam
1239 1039 1396 1104 consules
1406 1037 1500 1104 face·
1520 1092 1524 1098 .

399 1153 485 1223 rent,
502 1143 598 1225 longe
609 1150 687 1207 ante
702 1141 789 1206 alios
804 1141 975 1207 eminebat
989 1140 1030 1208 C.
1046 1141 1209 1206 Claudius
1226 1140 1332 1206 Nero.
1368 1140 1411 1204 Ei
1427 1140 1499 1205 col·

398 1249 473 1332 lega
482 1247 507 1286 ¹⁸
530 1247 753 1331 qnaerebatur,
774 1245 933 1312 elvirum
956 1245 1090 1329 quidem
1109 1266 1186 1309 euru
1209 1247 1379 1329 egregium
1396 1246 1500 1312 duee·

400 1351 492 1427 bant,
515 1349 575 1414 sed
596 1349 813 1433 promtiorem
843 1347 1085 1430 acrioremque,
1116 1368 1218 1431 qnam
1241 1355 1395 1431 tempora
1417 1347 1500 1412 belli

399 1451 617 1538 postularent,
634 1457 692 1516 aut
714 1449 826 1515 hostis
841 1446 1041 1514 Hannibal:
1064 1450 1316 1534 temperandum
1333 1470 1410 1517 acre
1423 1450 1498 1534 ejus

399 1556 567 1638 ingenium
582 1553 754 1620 moderato
778 1559 814 1618 et
835 1553 994 1638 prudenti
1009 1553 1081 1619 viro
1101 1553 1265 1637 adjuncto
1280 1554 1409 1637 collega
1420 1572 1500 1619 cen·

399 1659 530 1723 sebant.
565 1656 616 1722 Μ.
632 1656 750 1722 Livius
765 1663 847 1733 erat,
860 1657 973 1721 multis
984 1666 1063 1721 ante
1078 1658 1175 1722 annis
1189 1677 1235 1722 ex
1242 1657 1422 1722 consulatu
1436 1677 1499 1741 po-

398 1762 471 1847 puli
487 1760 619 1846 judicio
641 1758 846 1824 damnatus!
849 1767 864 1794 ‘¹
907 1757 1019 1838 Quam
1050 1760 1264 1843 ignominiam
1287 1758 1375 1825 adeo
1406 1778 1499 1842 aegre

398 1869 532 1946 tulerat,
546 1874 585 1931 nt
601 1859 701 1932 etrus
715 1863 912 1949 migraret,¹⁹
931 1871 965 1929 et
976 1885 1038 1950 per
1052 1864 1177 1931 multos
1193 1883 1302 1930 anuos
1312 1872 1346 1931 et
1356 1865 1451 1930 Urbe
1462 1873 1500 1930 et

398 1972 489 2037 omni
504 1975 598 2035 coetn
612 1975 738 2034 careret
758 1967 937 2032 hominurn·
981 1967 1113 2034 Octavo
1137 1969 1241 2033 ferme
1264 1974 1343 2052 post
1360 1967 1499 2034 (lamna-

397 2075 521 2139 tionem
544 2089 630 2138 anno
652 2070 703 2135 M.
718 2070 883 2136 Claudius
898 2071 1083 2136 Marcellus
1095 2078 1132 2136 et
1146 2071 1197 2136 Μ.
1213 2068 1372 2136 Valerius
1385 2070 1495 2137 Laevi·

397 2195 461 2241 uus
472 2173 630 2240 consules
643 2171 846 2238 reduxerant
860 2193 936 2238 euru
950 2174 985 2238 in
1000 2172 1125 2239 Urbem
1140 2195 1148 2235 ι
1172 2172 1230 2238 sed
1245 2178 1315 2238 erat
1331 2180 1426 2239 veste
1438 2175 1499 2240 ob·

398 2279 511 2344 soleta
536 2277 725 2363 capilloque
750 2283 783 2342 et
805 2277 912 2342 barba
934 2277 1128 2362 promissa‚¹
1149 2275 1329 2359 praeferens
1350 2276 1387 2341 iu
1401 2277 1498 2343 vultu

397 2381 577 2464 habituque
609 2379 772 2462 insignem
800 2379 996 2445 memoriam
1025 2379 1219 2462 ignominiae
1247 2385 1411 2464 accepim.
1453 2379 1496 2446 Ia

398 2483 560 2550 Veturius
579 2489 615 2547 et
632 2481 672 2545 P.
693 2481 844 2547 Licinius
860 2500 1019 2550 censores
1033 2502 1110 2548 eum
1124 2480 1293 2559 tonderi,¹⁰
1313 2488 1350 2546 et
1361 2483 1498 2568 squalo-

399 2607 467 2653 rem
483 2586 661 2671 deponere,
676 2590 711 2650 et
728 2585 763 2650 in
783 2593 937 2651 senatum
952 2585 1094 2665 venire,5
1116 2584 1274 2668 longique
1287 2584 1366 2651 aliis
1387 2586 1497 2671 publi·

398 2692 449 2757 cis
463 2690 655 2767 muneribus
667 2687 855 2771 coligemnt.
879 2687 948 2754 Sed
964 2696 1034 2756 tum
1049 2708 1183 2774 quoqne
1197 2693 1256 2752 ant
1266 2688 1368 2754 verbo
1382 2707 1497 2755 moen·

397 2794 553 2871 tiebatur,
583 2798 642 2857 aut
663 2791 808 2874 pedibus
833 2792 867 2856 in
889 2794 1088 2858 sententiam
1114 2791 1212 2869 ibat,l
1232 2790 1339 2857 donec
1359 2794 1497 2875 cognati

395 2896 626 2963 hominisenm
638 2914 754 2976 causa,
767 2894 819 2959 Μ.
834 2892 925 2960 Livii
940 2893 1084 2975 Macati,
1099 2914 1178 2960 cnm
1192 2894 1307 2959 lama¹
1329 2892 1404 2979 ejus
1419 2914 1498 2979 age-

423 3102 439 3175 .‘
457 3095 628 3158 caereoque
643 3094 749 3158 emm
763 3092 864 3144 arsen
878 3094 1012 3158 mem,
1022 3092 1126 3157 mom
1141 3096 1236 3143 anan
1249 3095 1326 3155 ..με
1339 3072 1448 3156 peae-
1457 3104 1497 3140 e»

394 3162 629 3275 'arcacensem
638 3224 720 3274 rtatim
729 3225 948 3287 portenarium,
960 3225 999 3273 ael
1009 3228 1105 3287 propter
1113 3228 1183 3287 gestu
1192 3221 1219 3272 ia
1228 3223 1360 3272 mutata.

427 3298 442 3333 Ι
459 3290 614 3339 b'mclorllm
624 3289 679 3338 nlr'lr
687 3288 758 3338 uerbo
769 3288 915 3349 sudentibus
931 3289 981 3352 ipae
998 3290 1036 3338 uel
1051 3286 1119 3338 surico
1135 3286 1206 3337 uerbo
1222 3288 1430 3343 amburens
1443 3300 1497 3336 m

392 3354 739 3484 ggczadrerzfflegxdreabzgede
748 3354 776 3404 ia
785 3355 887 3405 alterurn
902 3359 996 3418 partera
1006 3368 1060 3403 cara
1069 3352 1125 3404 eliis
1135 3352 1270 3418 minoda,
1279 3352 1421 3402 merua
1429 3364 1498 3401 m

851 3510 1036 3535 omnomu

396 3602 429 3650 lo
446 3597 532 3649 Fuisse
544 3596 717 3661 Doulou-17
733 3598 849 3648 Μυρτίω
858 3597 934 3649 Crar.

428 3668 459 3713 18
476 3670 483 3693 ⁸
497 3664 560 3714 Pur.
576 3664 652 3713 Voss.
671 3668 694 3712 et
706 3665 759 3713 coll.
779 3664 850 3713 Gurl.
866 3664 955 3725 colim
964 3666 989 3713 et
998 3677 1072 3726 naar.
1094 3660 1219 3711 Csutabr.
1236 3662 1286 3713 Sed
1296 3662 1385 3723 colim
1392 3678 1402 3721 ,-
1417 3660 1496 3727 idque

395 3729 493 3780 rectius
505 3727 624 3779 ridetur!
639 3728 696 3777 dne.
710 3729 853 3778 Graue-19
870 3728 990 3790 Migrcrr't
1002 3728 1068 3777 Edu.
1080 3726 1295 3777 autolicum—2⁰
1311 3728 1418 3777 Tendere
1427 3727 1496 3778 Eud.

393 3804 455 3847 unte
465 3796 593 3847 (irum-l
606 3797 614 3823 ⁸
624 3792 684 3845 Non
692 3807 758 3859 opus
770 3802 838 3857 erat,
846 3800 876 3843 ut
886 3792 1038 3857 prepositio
1048 3795 1086 3848 de,
1094 3806 1171 3857 qnam
1180 3792 1271 3857 optimi
1278 3792 1355 3842 eodo.
1365 3792 1496 3856 ignorant,

889 3935 997 3987 Now

424 4050 437 4076 ⁸¹
454 4040 541 4105 Populi
561 4038 656 4101 judicio
681 4032 817 4097 domantur]
844 4034 923 4088 Quod
962 4035 1013 4083 lrue
1024 4048 1040 4083 ι
1050 4034 1201 4085 censoribus
1218 4034 1315 4084 lectuna
1332 4034 1360 4085 in
1376 4044 1496 4089 renatum

393 4118 507 4183 praedam
527 4116 658 4181 Illyricam
675 4116 788 4178 maligue
803 4112 924 4163 ‹livirirse
962 4109 1041 4162 inisse
1058 4120 1182 4177 apparet:
1201 4111 1247 4160 red
1266 4112 1335 4177 qnod
1350 4116 1443 4185 consul
1455 4114 1495 4165 l'u·

390 4201 552 4257 argueretur.
962 4188 1037 4251 isset,
1047 4196 1074 4239 el
1086 4188 1124 4238 ric
1142 4203 1175 4237 ex
1191 4202 1280 4239 eorum
1296 4198 1367 4240 earet
1378 4205 1495 4253 nurnero,

424 4276 438 4304 ¹
454 4270 537 4321 Burbu
550 4268 679 4334 pmrairac]
706 4265 788 4317 Utin
805 4266 879 4316 luctu
896 4270 924 4314 et
965 4264 1496 4329 quibuspermissumeratluarnatusen·

372 4404 373 4409 Ἰ
393 4356 476 4397 ream.
965 4342 1074 4392 tentiam
1087 4341 1183 4399 dicere,
1193 4350 1223 4391 ut
1233 4349 1312 4392 enter
1323 4350 1363 4392 erl
1373 4342 1496 4395 observa·

426 4430 438 4465 ¹
455 4423 643 4474 litinensis*
657 4416 749 4481 verrius]
774 4420 855 4469 Forte
871 4430 922 4467 noa
964 4425 1030 4470 turn.

392 4508 514 4566 tauquam
525 4506 689 4561 necatorem
704 4495 865 4563 nequeenim
877 4494 922 4545 arl-
