3259 5225
388 563 477 630 2:124
857 583 892 631 u.
915 582 1010 630 erun

388 727 561 792 militibus.
590 727 635 794 Et
649 725 842 810 Magonem,
857 727 1080 806 Hasdrubali,
1096 727 1253 810 Gisgonis
1266 727 1351 806 lilio,
1362 726 1486 794 tradito

389 829 548 909 exercitu,
571 830 681 914 ipsum
705 851 781 895 cum
803 832 921 913 grandi
939 831 1087 915 pecunia
1104 830 1148 894 ad
1168 828 1386 895 conducenda
1399 850 1487 896 mor·

389 932 471 997 cede
486 933 615 999 auxilia
629 934 663 997 iu
679 934 832 999 Baliares
842 934 1009 1017 trajicere.
1054 931 1308 998 Hasdrubalem
1325 932 1489 1016 Gisgonis

390 1055 465 1099 cum
481 1036 631 1101 exercitu
652 1036 788 1121 penitus
810 1037 846 1101 iu
867 1036 1103 1102 Lusitaniam·
1128 1035 1233 1112 abire,
1248 1055 1310 1100 uec
1323 1055 1400 1102 oum
1415 1033 1488 1100 Ru·
1548 1105 1555 1118 ,

389 1139 497 1201 mauis
526 1155 647 1202 manus
674 1159 856 1204 conserere.
906 1138 1102 1202 Masinissae
1126 1157 1173 1202 ex
1198 1139 1289 1202 omui
1319 1139 1487 1221 equitatu,

390 1239 484 1323 quod
506 1242 636 1306 roboris
657 1248 760 1321 esset,
783 1243 849 1307 irie
869 1240 978 1306 millia
997 1244 1150 1326 equitum
1168 1242 1318 1327 expleri3
1341 1260 1487 1328 eumque
1564 1231 1567 1243 '

390 1362 513 1425 vagum
530 1363 588 1427 per
608 1345 793 1409 citeriorem
818 1344 1043 1431 Hispaniam⁰
1059 1344 1162 1409 sociis
1177 1365 1276 1428 opem
1295 1343 1394 1420 ferre,
1409 1343 1489 1408 boa·

390 1447 471 1510 tium
487 1447 616 1531 oppida
631 1455 732 1533 atque
748 1466 849 1531 agros
862 1443 1043 1532 populari?
1096 1447 1164 1512 His
1178 1447 1331 1524 decretis,
1353 1447 1398 1512 ad
1410 1465 1492 1512 exe·

390 1549 538 1633 quenda,
560 1569 637 1633 quaa
653 1556 845 1629 statuerant,
859 1549 962 1615 duces
976 1550 1131 1632 digressi.
1185 1549 1277 1616 Haec
1292 1570 1334 1615 eo
1348 1570 1438 1615 anuo
1453 1551 1489 1614 io

390 1651 564 1736 Hispania
587 1661 679 1717 acta.
720 1653 843 1718 Romae
863 1653 955 1718 lama
976 1653 1147 1737 Scipionis
1169 1653 1205 1717 iu
1230 1653 1305 1719 dios
1326 1673 1489 1723 crescere.

391 1754 501 1819 Fabio
523 1756 708 1821 Tarentum
728 1760 864 1838 captum
878 1761 955 1819 astu
969 1753 1091 1836 magis,
1113 1774 1213 1838 quam
1226 1753 1398 1832 virtute,⁸⁹
1417 1757 1491 1838 glo-

390 1859 450 1923 riae
466 1865 578 1922 tamen
593 1877 680 1923 esse.
725 1858 838 1926 Fulvii
853 1877 1027 1923 senescere
1035 1857 1140 1924 fama.
1184 1857 1370 1936 Marcellus
1385 1861 1490 1925 etiam

391 1959 534 2025 adverso
552 1981 681 2027 minore
694 1981 781 2040 esse,
795 1981 899 2045 super
913 1979 1014 2043 quam
1029 1959 1122 2044 quod
1136 1959 1246 2042 primo
1260 1958 1347 2024 male
1361 1980 1492 2044 pugne·

390 2072 494 2142 verat,
509 2065 603 2148 quie,
618 2071 761 2148 vagante
785 2084 845 2148 per
866 2064 998 2128 Italiam
1014 2062 1223 2140 Hannibale,
1244 2062 1353 2128 media
1368 2071 1492 2130 aestate

392 2166 602 2232 Venusiamr
623 2168 659 2232 iu
674 2175 766 2233 tecta
784 2167 908 2232 milites
927 2165 1152 2231 abduxisset}¹
1195 2164 1357 2230 Iuimicus
1372 2173 1446 2232 erat
1458 2170 1494 2236 el

392 2269 432 2335 G.
460 2269 656 2337 Publicius.
672 2270 813 2335 Bibulus
839 2269 1138 2353 tribunusplebis.
1183 2267 1222 2332 Is
1241 2269 1314 2353 jam
1338 2271 1492 2353 aprima

391 2392 515 2457 pugna,
540 2393 616 2458 quae
638 2373 778 2439 adversa
794 2371 914 2451 lueret,
928 2372 1076 2438 assiduis
1091 2372 1314 2436 concionibus
1330 2372 1490 2438 infamem

391 2476 602 2561 invisumque
628 2478 740 2560 plebei
767 2475 946 2542 Claudium
976 2476 1112 2553 lecerat,
1136 2475 1260 2559 etjam
1283 2476 1327 2539 do
1348 2475 1493 2559 imperio

392 2580 586 2664 abrogando
608 2579 725 2665 ejus⁹r
747 2581 891 2663 agebat3
913 2598 987 2645 cum
1003 2586 1115 2645 tamen
1128 2579 1332 2644 necessarii·
1355 2576 1492 2643 Claudii

848 2758 1033 2781 ‘mom

391 2898 406 2944 l
424 2894 495 2945 Olim
503 2892 639 2956 legebatur
649 2897 674 2943 et
684 2907 772 2942 remea.
804 2891 870 2941 Mor
881 2890 1009 2956 Hispania
1020 2906 1067 2954 pro
1079 2892 1254 2956 Hispania-8
1270 2892 1361 2942 ‘illem
1377 2900 1406 2943 ei
1421 2890 1491 2944 Poll.

391 2965 484 3023 coptum
495 2959 591 3020 ingenio
601 2958 679 3019 augo
694 2956 879 3021 gammoiriste:
894 2971 951 3020 qim
970 2956 1083 3006 Andreae
1101 2957 1257 3023 Aldiureqoe
1272 2965 1323 3019 est,
1334 2968 1360 3006 et
1375 2959 1491 3007 omnium

392 3032 452 3073 anie
466 3024 583 3072 Rbenan.
601 3024 668 3085 Reg.
686 3023 780 3087 aliique
797 3023 926 3077 meliores,
936 3028 1030 3084 capum
1042 3022 1130 3085 raugia,
1141 3024 1233 3072 omissa
1249 3037 1313 3072 voce
1329 3028 1393 3072 uta.
1427 3024 1492 3073 Pul.

391 3088 538 3151 captuwa
554 3102 633 3151 qam.
676 3088 778 3143 Scribe,
797 3086 873 3136 Fabio
896 3088 1025 3136 raram
1045 3094 1139 3151 αρωα
1152 3093 1208 3137 sata
1228 3104 1300 3151 gam
1314 3088 1412 3137 vittata.
1456 3090 1492 3138 itt

393 3153 510 3215 intellige
520 3151 621 3214 ,magdal
648 3151 676 3203 J.
694 3152 724 3200 F·
741 3152 869 3207 Grou.-†
886 3151 1040 3200 Plutarchus
1055 3152 1194 3202 sinam
1212 3154 1267 3201 edit
1288 3166 1335 3214 pro
1350 3153 1491 3203 Venusinae.

393 3218 454 3267 Vid.
466 3219 527 3267 Not.
537 3219 600 3266 Ver.
611 3216 636 3265 b.
648 3219 663 3265 Ι.
697 3218 771 3281 Mon,
784 3216 883 3280 lapides
894 3216 1036 3277 Capitolini
1047 3217 1227 3266 Pettium—s
1243 3218 1302 3267 ‘Da
1311 3218 1411 3281 inperio
1420 3219 1491 3268 atro-

391 3285 471 3345 gaado
487 3283 546 3346 qiua,
561 3282 638 3332 immo
649 3281 681 3344 ei,
692 3288 722 3331 ut
738 3288 765 3331 et
777 3296 850 3331 mox:
872 3282 942 3346 qnod
956 3282 998 3331 bie
1010 3283 1127 3332 ostendit
1136 3283 1195 3347 ipae
1207 3283 1306 3347 positas
1318 3284 1490 3346 pronuntiarim

425 3550 438 3575 ¹¹
454 3540 656 3607 laLsaitraianr]
673 3542 739 3591 Para
755 3550 872 3593 extrema
883 3543 922 3591 nl·
994 3548 1007 3583 Ρ
1023 3542 1087 3593 Acts
1103 3543 1190 3605 aragia,
1202 3540 1383 3607 gannim]
1398 3540 1443 3591 Ito
1453 3540 1493 3591 di·

393 3621 496 3671 terioris
522 3619 654 3683 Hispaniae
678 3634 768 3671 versus
791 3635 922 3678 occasum,
962 3620 1283 3685 aertelteg.qooutimnr.
1300 3618 1492 3685 Colb.aliique,

393 3712 461 3747 niune
482 3696 634 3759 Portrgadic
655 3710 749 3760 magua
771 3712 804 3747 cx
827 3706 921 3761 perte:
961 3695 1492 3761 ingeniomagia,qmoirtrte.dliirlitrr.

393 3774 461 3837 qrrod
481 3770 587 3836 reguum
607 3774 664 3837 plns
684 3774 709 3821 iu
725 3774 922 3837 longitudinem,
995 3781 1008 3816 ‘¹
1027 3774 1153 3823 Veneriam
1236 3774 1325 3823 militer
1344 3775 1493 3840 Maius]

392 3852 476 3901 minna
499 3852 524 3901 ln
547 3849 711 3900 latirudlnam
739 3856 821 3915 potat.
853 3852 923 3902 Nam
963 3850 1017 3900 Pro
1040 3850 1176 3913 Veserim,
1201 3851 1270 3900 Plut.
1293 3849 1432 3902 &m
1447 3867 1492 3903 uo·

392 3926 514 3977 Castellae
525 3924 736 3975 occidentalioris
744 3941 814 3991 pars,
826 3929 924 3977 retent
962 3928 1054 3985 niort,
1067 3936 1096 3977 ut
1106 3935 1180 3978 notat
1188 3928 1277 3991 Sigon.

393 4003 533 4053 Lusitania
545 4004 677 4067 regionem
689 4003 843 4055 orientalem
852 4004 922 4055 iuva·
994 4004 1061 4053 rue
1075 4003 1175 4068 inperio
1193 4004 1327 4067 abrogando
1342 4004 1406 4069 gius]
1432 4006 1493 4057 Pla·

393 4083 437 4131 sii.
961 4096 1022 4132 uum
1036 4083 1088 4132 erit
1105 4084 1127 4130 ai
1143 4082 1269 4143 dimotus,
1284 4086 1315 4133 de
1328 4084 1380 4145 cisa
1392 4085 1493 4146 inperio

424 4166 437 4191 ⁰
459 4157 508 4207 Per
526 4154 659 4205 cim
676 4154 834 4221 Hispaniam]
857 4156 920 4205 Hir·
960 4158 1111 4219 ebragudet
1127 4166 1173 4207 aut
1191 4158 1331 4221 legendum
1347 4160 1408 4224 orit,
1423 4161 1493 4211 olco·

393 4233 472 4298 paula
483 4231 600 4294 citerior,
614 4246 672 4296 quaa
684 4232 758 4282 initio
772 4233 848 4297 bojas
859 4233 920 4284 belli
959 4237 1040 4298 gudo
1049 4235 1089 4291 εἰς
1104 4235 1146 4283 rel
1158 4249 1216 4284 cum
1226 4234 1316 4297 Sigon.
1325 4236 1460 4301 &irnperio
1469 4238 1494 4287 ei

393 4311 471 4361 Ibero
482 4309 629 4373 finiebatur,
641 4310 696 4374 jam
714 4324 781 4360 nuuc
794 4312 870 4377 longa
882 4312 922 4360 ul·
961 4310 1106 4371 obrogmado.

391 4394 435 4436 tra
446 4383 622 4434 erimflnrium
630 4384 726 4447 porrigi
737 4385 923 4451 ceper-inie-
989 4378 1005 4421 ’·
1022 4388 1083 4437 Cain
1100 4385 1175 4451 [m]
1191 4388 1421 4452 maurane]
1439 4389 1492 4440 Va-

392 4458 782 4525 toriirscipiouiaamplidcata.
964 4463 1216 4527 riautexamplaria:
1234 4466 1494 4528 uoupanoalrabeut
