3259 5225
383 537 471 602 2198
847 549 883 600 r.
910 551 1001 600 nrrn

384 706 491 766 asset.
532 694 680 762 Ventum
704 693 894 786 insequenti
908 692 966 759 die
978 692 1021 760 ad
1038 692 1250 779 colloquium
1263 700 1335 760 est:
1359 693 1421 760 sed
1435 695 1484 762 10·

381 800 518 887 quenda
532 800 631 885 plura
644 797 901 883 scribendoque,
917 795 1030 863 dedita
1045 816 1159 882 opera,
1174 817 1252 884 quae
1273 798 1308 862 iu
1327 817 1398 863 reru
1419 817 1486 864 non
1503 793 1508 806 '

383 909 505 982 esseut,
530 902 584 969 die
608 907 797 976 consumto,
822 901 1052 985 inposterum
1079 898 1220 967 dilatum
1248 907 1310 966 est.
1353 899 1486 968 Addita

382 1007 561 1090 insequens
580 1025 650 1070 nux
663 1004 811 1090 epatium
826 1002 920 1070 dedit
935 1010 969 1069 et
992 1003 1080 1070 alins
1101 1003 1296 1070 emittendi:
1319 1021 1381 1070 nae
1402 1023 1484 1088 pus·

382 1119 454 1175 tero
477 1109 607 1174 diores
627 1107 727 1173 finem
751 1106 888 1171 invenit.
932 1104 988 1172 Ita
1014 1105 1143 1190 aliquot
1165 1107 1239 1172 (lies
1260 1105 1483 1192 diseeptaude

382 1213 498 1297 palam
513 1212 556 1277 de
570 1211 711 1293 legibus,
725 1217 911 1293 noctesque
926 1209 1115 1274 emittendis
1126 1208 1216 1274 elatu
1231 1231 1250 1276 e
1266 1211 1389 1276 eastris
1400 1208 1485 1276 Gar-

381 1315 658 1400 tbaginiensibus,
673 1315 858 1394 absumtae3
881 1318 925 1385 et,
947 1321 1127 1397 postquam
1142 1311 1250 1396 major
1263 1331 1341 1398 pars
1356 1313 1484 1379 emissa

382 1419 554 1485 exercitus
567 1424 653 1495 erat,
664 1415 738 1500 J’am
752 1415 859 1480 neiis
881 1415 1027 1499 quidem,
1049 1435 1127 1499 quau
1151 1415 1238 1480 ultro
1260 1415 1354 1482 dieta
1375 1423 1482 1494 erant,

380 1522 539 1602 stabatur,
549 1521 728 1605 minusque
740 1538 782 1584 ae
796 1519 907 1584 minus
921 1517 1014 1605 (eum
1029 1519 1144 1584 timore
1155 1519 1257 1584 simul
1270 1519 1336 1585 tide
1348 1519 1483 1586 decres-

381 1621 498 1709 cente)
513 1624 746 1689 'conueniebat
789 1621 870 1687 Jarn
895 1622 998 1686 ferme
1023 1621 1194 1706 pedestres
1228 1641 1345 1688 omues
1364 1625 1480 1709 enpioe

379 1733 555 1793 evaserant
575 1746 595 1790 e
615 1725 722 1806 saltu3
752 1743 830 1789 eum
852 1725 962 1807 prima
983 1724 1059 1792 luee
1082 1724 1188 1790 densa
1209 1725 1333 1790 nebula
1355 1726 1481 1792 saltum

377 1849 513 1896 umnam
528 1847 736 1913 campusque
757 1827 849 1892 eirea
870 1827 1010 1892 intexit³
1055 1826 1157 1909 Quod
1180 1826 1239 1892 ubi
1262 1830 1369 1893 sensit
1388 1829 1481 1896 Has·

378 1933 510 2012 tlrubal,
535 1920 642 1997 mittit
667 1931 711 1997 ud
736 1929 922 2009 Neronem,
944 1931 1003 2015 qui
1025 1931 1059 1996 in
1074 1938 1248 2016 posterum
1264 1930 1354 1997 diem
1369 1933 1478 2000 eollo·

377 2037 496 2121 quium
511 2035 668 2100 differret.
710 2033 815 2100 Illum
831 2033 919 2099 diem
935 2033 1129 2116 religiosum
1144 2033 1476 2118 Carthaginiensibus

378 2139 422 2204 ad
445 2139 610 2221 agendum
625 2138 808 2222 quiequam
823 2137 872 2201 rei
887 2134 1030 2202 seriae⁴¹¹
1051 2157 1139 2203 esse.
1186 2137 1324 2203 Netum
1340 2139 1478 2222 quidem

376 2247 542 2325 suspecta
555 2240 662 2305 lraus.
695 2239 780 2304 Cum
794 2237 878 2304 data
887 2247 981 2304 esset
996 2241 1095 2305 venia
1109 2240 1181 2326 ejus
1194 2240 1287 2320 diei:
1302 2241 1478 2326 extemplo

377 2341 587 2422 Hasdrubal,
610 2361 690 2407 curn
712 2342 868 2427 equitatu
890 2342 1146 2428 elephantisque
1170 2344 1290 2408 eastris
1310 2363 1476 2427 egressus,

375 2447 452 2511 sine
466 2445 536 2511 ullu
549 2444 693 2510 tumultu
707 2444 743 2509 in
757 2449 867 2510 tutum
883 2447 1004 2511 erasit.
1047 2445 1145 2511 Hora
1159 2446 1262 2510 ferme
1275 2453 1393 2530 quarta
1408 2447 1477 2512 dis·

374 2548 498 2635 pulsa⁵
520 2547 595 2612 sole
608 2547 733 2612 nebula
746 2547 879 2632 aperuit
893 2547 995 2626 diem,
1010 2567 1187 2634 vacuaque
1203 2548 1349 2616 bostium
1364 2559 1477 2617 eastra

376 2657 622 2736 conspexerunt
644 2649 802 2715 Romani.
846 2650 935 2716 Tum
959 2651 1093 2717 demum
1117 2651 1287 2731 Claudius,
1309 2652 1474 2719 Punicam

373 2754 525 2820 fraudem
548 2772 748 2837 agnoscens,
767 2758 804 2817 ut
823 2772 860 2818 se
878 2752 959 2818 dolo
974 2761 1112 2839 captum
1127 2754 1245 2834 sensit,
1262 2754 1473 2838 proficiscen-

371 2866 444 2923 tem
466 2856 588 2923 institit
608 2857 716 2941 sequi,
733 2862 873 2939 paratus
893 2854 1073 2939 confligere
1095 2857 1193 2922 acio:
1215 2856 1274 2924 sed
1289 2856 1401 2923 bostis
1416 2856 1472 2923 de·

375 2962 543 3030 tractabat
563 2980 731 3047 pugnam
751 2960 843 3026 levia
866 2968 980 3026 tamen
1002 2956 1168 3046 praelia⁶¹
1188 2963 1274 3028 inter
1287 2970 1473 3029 extremum

371 3062 543 3133 Punicum
556 3082 677 3146 agmen
691 3080 986 3148 praecursoresque
1001 3061 1233 3129 Romanorum
1249 3064 1386 3130 fiebant.

416 3168 471 3234 18.
494 3166 587 3231 Inter
607 3166 680 3230 baec
702 3164 887 3249 Hispaniae
911 3167 1043 3251 populi,
1066 3186 1130 3233 nea
1155 3168 1214 3253 qui
1235 3175 1316 3252 post
1340 3166 1473 3234 cladem

406 3387 417 3414 ⁶
434 3380 660 3432 cummim
671 3380 812 3433 Nerouteu
823 3380 862 3431 rlir
872 3379 1124 3445 murmurent.

831 3522 1011 3545 Ouium„

371 3624 519 3675 tam-t
537 3622 578 3676 ΑΙ.
587 3624 750 3677 wenni-4
766 3624 809 3676 nt.
822 3626 997 3691 &mearet
1006 3623 1133 3687 seriana.
1150 3624 1323 3677 ‘Deriderlur
1339 3624 1470 3677 Heralrlut

373 3688 406 3739 ad
419 3688 562 3740 Aruubiuru
573 3690 607 3741 de
622 3691 684 3741 vitio
698 3705 741 3741 rur
762 3690 891 3756 ieabatur,
907 3706 988 3757 eoque
1009 3706 1097 3741 recem
1110 3690 1238 3755 feriatam,
1256 3698 1286 3742 ut
1298 3692 1468 3753 interpretem

368 3754 573 3871 {gulbium
588 3754 712 3807 delebat!
726 3706 797 3807 JPF.
809 3758 965 3807 Gronau-t
985 3754 1029 3807 Al.
1048 3756 1318 3822 dmm—uniunt.
1332 3756 1395 3808 urie
1414 3762 1467 3807 tnu-

866 3936 975 3989 Nom

402 4047 472 4099 *Aa
487 4052 606 4114 egaeas·
622 4052 745 4115 querum
762 4050 800 4101 nt
814 4051 897 4118 rein]
939 4053 1040 4118 pungit.
1075 4052 1190 4104 colbert.
1207 4051 1468 4104 meliervideturba·

369 4124 757 4194 vaporaret-mquam
772 4128 898 4189 triferiu-
939 4128 1467 4195 bultuerrirerioemr5quudplruseuu·

367 4205 429 4258 tura
446 4200 491 4252 red
511 4204 604 4255 altinus
622 4220 673 4255 rur
693 4218 899 4271 repensarunt,
938 4206 1077 4271 gruiteuur
1088 4206 1214 4258 Gruuurii
1226 4205 1415 4257 emendatione.

369 4290 427 4327 euru
444 4277 554 4331 eundern
569 4295 624 4332 rear
642 4282 706 4331 ratis
721 4280 837 4347 explicet
849 4296 899 4333 rex
970 4282 978 4318 ¹
994 4284 1153 4336 uvam
1161 4286 1258 4351 prelia]
1276 4286 1375 4337 Mutet.¹
1391 4284 1466 4335 beris

365 4352 596 4421 belluinus-‚unte
619 4358 758 4421 precedit:
786 4358 898 4424 ideaque
935 4365 1030 4413 butum
1038 4361 1132 4427 prelia

368 4430 523 4484 Desideriur
532 4432 665 4486 Heruldus
674 4432 706 4486 τὸ
716 4432 836 4497 fertatur·
851 4450 897 4487 er·
