3259 5225
382 540 469 609 2150
850 556 885 604 r.
908 556 1003 606 nrvrr

381 698 577 789 pugnam¹⁵¹
601 702 694 768 soliti
707 705 833 777 esmnt,
856 700 936 765 flere
959 719 1075 765 ornnes
1100 703 1239 786 repente
1260 703 1294 764 et
1312 698 1474 766 offensare

381 808 513 891 capita;
535 809 569 870 et
582 804 641 869 ulii
654 821 773 869 manus
787 801 831 867 ad
846 804 971 869 eoelum
986 803 1133 881 tendere,
1151 803 1244 868 Deos
1260 804 1473 885 incusantes;

381 909 450 985 elii,
473 907 569 973 strati
591 905 694 984 bumi,
708 924 803 971 suum
824 906 968 990 quisque
991 906 1184 971 nominatim
1210 905 1330 971 ducem
1353 906 1474 989 implo-

380 1029 466 1078 rare:
487 1028 596 1094 neque
611 1008 720 1074 sedari
735 1008 935 1074 lamentatio
949 1013 1092 1092 poterut,
1112 1009 1344 1074 excitantibus
1358 1014 1473 1074 centn·

379 1113 533 1178 tionibus
554 1111 787 1195 manipulares,
822 1117 857 1174 et
880 1111 959 1193 ipso
981 1110 1147 1175 mulcente
1158 1107 1186 1151 ¹⁶
1221 1116 1256 1175 et
1278 1112 1473 1194 increpante

381 1214 548 1294 Marcio?
577 1212 678 1298 ‘qnid
699 1212 733 1279 in
758 1211 940 1278 muliebres
966 1221 1002 1277 et
1024 1212 1161 1278 inutiles
1183 1232 1222 1277 sa
1246 1212 1473 1297 projecissent

380 1318 481 1382 fletus
491 1316 618 1402 potins,
639 1336 743 1402 quam
758 1315 800 1381 ad
821 1315 981 1382 tutandos
996 1321 1103 1381 semet
1116 1318 1213 1399 ipsos
1228 1322 1264 1380 et
1278 1335 1345 1381 rem
1360 1316 1474 1399 publi·

378 1438 454 1484 cam
482 1439 597 1485 secum
626 1424 781 1485 acuerent
805 1418 959 1485 animosi
980 1423 1014 1483 et
1034 1438 1076 1483 na
1098 1420 1223 1484 inultos
1248 1419 1471 1503 imperotores

378 1542 461 1587 suos
476 1522 587 1608 jacere
605 1522 747 1587 sinerent
755 1520 775 1588 ε’
796 1542 872 1587 cnm
892 1521 1006 1587 subito
1026 1521 1153 1587 clamor
1171 1522 1394 1605 tubarumque
1415 1540 1472 1587 so·

376 1642 439 1689 nus
453 1624 539 1710 (jam
555 1624 641 1719 enim
657 1644 764 1710 prope
776 1624 900 1691 vallum
914 1625 1026 1704 bostes
1041 1623 1148 1710 eraut)
1162 1626 1351 1691 exauditur.
1374 1623 1469 1704 Inde,

377 1746 475 1793 verso
504 1735 642 1811 repente
663 1728 699 1792 in
725 1729 810 1793 iram
836 1726 941 1807 luctu,
963 1728 1147 1794 discurrere
1159 1736 1185 1778 ¹⁷
1216 1726 1260 1793 ad
1286 1747 1392 1806 urma,
1412 1745 1466 1806 ac,

376 1830 471 1896 velut
493 1831 625 1895 accensi
646 1830 751 1902 rabie,
771 1829 962 1895 discurrunt
981 1829 1026 1896 ad
1047 1837 1191 1915 potuer
1212 1836 1247 1895 et
1268 1830 1305 1895 in
1324 1830 1470 1907 bostem,

375 1932 578 2015 negligenter
591 1940 695 2015 utque
710 1931 1148 2016 incomposite-venientem,
1172 1934 1352 1997 incurrunt.
1397 1932 1469 1997 Ex-

379 2033 504 2118 templo
517 2034 702 2118 improvisa
714 2054 767 2100 res
788 2054 950 2118 pavorem
972 2035 1091 2099 incutit
1105 2035 1245 2115 Poenis3
1266 2034 1470 2117 mirabundi-

374 2135 482 2220 que,¹⁸
504 2136 589 2201 uude
603 2142 654 2203 tot
667 2136 782 2203 hostes
795 2145 865 2202 tam
879 2138 990 2202 subito
1015 2138 1124 2202 exorti
1145 2156 1252 2221 prope
1275 2135 1384 2201 deleto
1408 2156 1471 2201 ex·

374 2238 478 2303 ercitu
490 2237 607 2318 forent,
623 2238 709 2304 unde
724 2244 818 2306 tanta
830 2239 986 2318 audacio,
1001 2246 1093 2305 tantu
1106 2238 1233 2305 fiducia
1247 2240 1301 2303 sni
1315 2240 1415 2305 victis
1426 2259 1469 2305 uc

374 2338 511 2423 iugatis,
527 2342 603 2426 quis
619 2343 803 2425 imperator
826 2339 959 2406 dnobus
984 2343 1203 2426 Scipionibus
1218 2342 1318 2409 cessis
1338 2343 1470 2408 extitis-

373 2452 436 2524 set,
452 2446 529 2528 quis
543 2446 663 2509 castris
678 2452 852 2529 preesset,
866 2446 943 2529 quis
957 2447 1086 2530 signum
1101 2445 1249 2511 dedisset
1262 2464 1406 2529 pugnae3
1424 2444 1468 2512 ad

830 2610 1014 2634 mm

373 2713 403 2760 15
421 2710 482 2760 ‘Sic
491 2709 587 2760 Aldine
598 2720 628 2762 et
638 2711 743 2768 Gallici,
759 2720 884 2778 quintum
893 2713 1006 2772 memini,
1019 2720 1114 2776 prester
1124 2713 1186 2763 Pur.
1215 2711 1252 2762 Ar
1263 2725 1325 2762 sero
1336 2717 1389 2761 tres
1397 2711 1467 2762 Psll.

371 2775 539 2840 Audreesque
550 2786 577 2826 et
589 2775 642 2840 rjus
653 2793 788 2842 sequaces,
799 2780 893 2843 prodire
905 2780 933 2828 s'n
942 2795 1049 2842 cnsnpssr
1058 2781 1091 2828 sd
1105 2792 1218 2842 pugnarn
1251 2777 1313 2826 Pur.
1329 2779 1424 2840 prodire
1438 2779 1467 2828 in

369 2855 470 2903 persen.
502 2841 598 2891 Posses
612 2843 750 2906 conjicere,
768 2843 794 2892 in
811 2844 930 2894 Perses?
944 2844 972 2895 J.
985 2845 1014 2894 F.
1026 2844 1209 2894 Granum-lb
1225 2842 1347 2892 Muleente
1358 2851 1386 2891 et
1395 2845 1467 2892 mule·

371 2909 438 2954 tonte
453 2905 520 2955 Mes.
546 2907 672 2957 minitante
689 2907 757 2958 Edd.
775 2915 837 2958 aute
853 2909 1032 2959 Gronove-ll
1049 2909 1194 2959 Discurrens
1211 2905 1285 2956 ebert
1301 2923 1316 2955 s
1332 2908 1384 2956 Ms.
1396 2907 1467 2958 Gnd.

370 2979 453 3026 reete,
462 2967 554 3033 judice
567 2971 626 3022 Jse.
644 2971 761 3022 Gronov.
779 2987 840 3023 mox
856 2978 998 3023 mearent
1014 2973 1046 3022 ed
1059 2978 1143 3036 portus
1156 2973 1228 3022 metit
1238 2971 1265 3024 J.
1278 2971 1307 3022 F.
1317 2971 1467 3021 Gronov.-

371 3038 402 3086 le
419 3041 427 3063 ‘
440 3035 540 3098 Copula
548 3036 662 3099 postulet
673 3037 787 3114 suppleri
798 3037 948 3100 requirebant
959 3039 999 3087 rel
1008 3039 1090 3087 simile
1100 3037 1206 3087 verbnm
1214 3053 1222 3098 ;
1231 3037 1280 3085 nisi
1289 3035 1468 3100 lepesireirsn·

370 3099 425 3156 dis,·
437 3098 510 3148 Duk.
532 3099 710 3162 mirabundique
720 3101 796 3164 ¹pungi
812 3109 901 3166 potest
912 3117 970 3152 eum
981 3117 1054 3167 seqq.
1065 3101 1172 3162 reserent
1186 3104 1274 3165 peden.
1305 3101 1357 3151 Sed
1369 3109 1397 3150 et
1408 3102 1466 3165 ipse

370 3165 456 3213 metim
467 3164 555 3227 legere
566 3163 719 3230 muniendis,
730 3173 758 3215 et
769 3175 828 3232 pust
839 3168 920 3218 verbs
926 3167 1030 3218 dedisset
1037 3182 1126 3233 psgnoe
1135 3166 1239 3229 στιγμὴν
1244 3165 1340 3217 τελεῖν
1349 3165 1466 3232 ponere!

863 3315 971 3366 NOTAE

402 3405 409 3440 ¹
424 3407 527 3457 Proelire
543 3410 574 3458 ed
588 3411 706 3476 prunum]
724 3411 784 3462 Pnt.
801 3413 898 3478 prodm
936 3413 981 3465 lib.
997 3427 1048 3463 xrs.
1060 3411 1069 3441 ‘
1080 3412 1124 3462 iile
1136 3425 1203 3463 nunc
1220 3412 1351 3476 castigare
1361 3410 1465 3476 milites,

368 3484 393 3533 in
402 3498 508 3546 mern:
525 3486 593 3536 unde
601 3501 653 3536 nou
663 3488 821 3538 insubtiliter
829 3490 896 3541 Gro·
935 3505 1003 3541 nuuc
1013 3490 1115 3540 lenibus
1127 3489 1214 3538 verbis
1223 3486 1347 3538 monere!
1361 3487 1404 3538 Sic
1415 3489 1465 3538 its·

368 3561 470 3625 novius,
480 3563 611 3625 prodiretis
622 3563 732 3615 Poersrssn.
936 3582 987 3632 que
999 3567 1093 3631 pertiru
1103 3566 1198 3616 milites
1214 3565 1353 3622 mulcebat,
1367 3565 1465 3630 partim

400 3644 418 3671 ¹
435 3637 491 3702 lpse
508 3640 622 3690 misem
636 3646 661 3691 et
678 3642 814 3706 imepurste
826 3643 895 3694 Mer·
934 3642 1221 3707 increpsbstbiereius.

368 3712 417 3777 eie]
432 3713 759 3780 Vulgoets'psosninitunte.
778 3718 894 3771 Seduon
966 3727 979 3753 ¹¹
994 3720 1141 3769 Discurrunt
1165 3719 1197 3768 ed
1215 3717 1310 3782 portas]
1330 3718 1465 3782 Displicet

366 3791 393 3840 id
406 3789 530 3842 minarum
545 3798 657 3857 ternpus,
668 3795 765 3857 optirus
776 3795 894 3848 Gronov.
934 3795 1065 3846 Grouorio
1074 3795 1223 3845 dixsrrendl
1232 3794 1338 3844 verbnm
1349 3809 1365 3845 e
1377 3796 1464 3857 proxi·

365 3867 496 3917 obserrst.
506 3866 896 3933 Aliirusunscripti,ussletente,·
933 3886 976 3922 mo
986 3872 1144 3936 repetiturus
1161 3871 1309 3936 suspicetur
1325 3870 1464 3935 legendum

367 3943 411 3993 slii
428 3944 550 4008 mulcente,
566 3953 611 3996 aut
622 3946 700 3996 etism
710 3950 844 4008 mabsam
860 3964 895 3999 ex
932 3948 1462 4012 mmntsdmssmempeenstrorurn.

365 4035 418 4086 quo
428 4021 559 4073 Gronovio
573 4023 659 4088 plicet
675 4021 732 4074 lieri
752 4025 894 4090 incatenate,
932 4025 985 4075 Sed
1003 4027 1103 4076 Noster
1119 4025 1239 4075 vocabuli
1255 4025 1371 4089 ejusdem
1383 4025 1463 4076 itern-

365 4097 391 4146 id
409 4105 456 4160 su,
473 4097 625 4164 trequentes
639 4100 794 4152 admonente
804 4118 812 4150 x
828 4102 893 4152 illud
932 4103 1016 4154 tiones
1026 4117 1077 4153 non
1088 4103 1126 4153 lte
1136 4104 1212 4154 nuxie
1223 4104 1299 4164 silet,
1310 4110 1339 4152 ut
1348 4104 1389 4152 vel
1400 4118 1463 4154 mox

367 4179 452 4222 tnnreu
464 4176 563 4232 melius,
574 4176 642 4241 quod
655 4183 683 4228 et
702 4177 823 4242 Sigonius
834 4192 893 4242 pro·
933 4187 942 4209 ‘
954 4180 1071 4245 receptui
1079 4180 1193 4230 dedisset
1204 4181 1313 4246 siguum,
1324 4180 1462 4231 obsistens-

366 4247 431 4298 bsnt
451 4256 479 4299 et
496 4250 637 4302 Rubenius.
661 4253 705 4302 Sic
722 4254 794 4319 Virg.
805 4269 826 4305 r.
837 4255 894 4304 AEn·
933 4272 983 4322 que
994 4256 1027 4307 ad
1048 4258 1130 4321 prims
1140 4256 1214 4321 signs
1224 4257 1243 4308 ι’
1264 4265 1292 4306 et
1307 4258 1394 4307 stetini
1413 4258 1459 4308 ‘in

365 4325 497 4375 ‘etdictis
508 4329 644 4379 mrerentis
656 4330 894 4392 pectorsmulcetr'
934 4341 1021 4384 esetrs
1038 4332 1143 4383 sbsnnt.
1176 4331 1230 4382 Per
1250 4333 1412 4398 negligentis
1431 4332 1459 4384 in

365 4405 444 4468 sique
454 4401 480 4453 in
491 4403 600 4456 eundern
612 4407 767 4458 sententiam
775 4408 894 4460 lustinus
934 4410 1026 4462 cestris
1037 4407 1235 4462 custodiendis!
