3259 5225
392 517 479 583 2476
858 534 892 581 τ.
918 534 1015 581 nrvrr

392 681 459 746 lem
481 698 527 744 ex
551 676 673 759 Africa,
696 678 785 743 sicut
806 676 853 759 Q.
877 678 1035 744 Fulvium
1057 696 1078 743 a
1100 676 1235 763 Capua,
1256 680 1497 744 mnassemnst

393 780 499 861 Quid,
514 781 605 867 qnod
618 782 651 845 in
666 778 785 846 Africa
800 800 937 865 quoqne
953 779 1049 846 Mars
1064 782 1287 847 communis¹¹
1303 780 1389 845 belli
1403 782 1494 844 erit‘l

394 886 525 953 Domus
540 884 602 949 tibi
617 891 689 961 tua,
703 892 799 969 pater
822 888 1040 967 patruusque,
1060 884 1148 949 intra
1167 884 1302 965 triginta
1321 882 1402 949 dies
1416 902 1496 947 curn

391 986 595 1054 exercitibus
616 985 711 1064 cresi,
734 985 938 1051 documento
959 988 1044 1067 sint3
1066 986 1126 1051 ubi
1146 1005 1206 1069 per
1224 986 1357 1069 aliquot
1376 1003 1498 1061 annos,
1622 1052 1628 1090 ,Ν

390 1090 549 1158 maximis
560 1092 662 1155 rebus
676 1096 764 1154 terra
773 1089 925 1171 marique
939 1086 1101 1169 gerendis,
1112 1087 1360 1172 amplissimum
1369 1105 1496 1151 nomeu

391 1193 482 1278 apud
498 1200 635 1258 exteras
654 1196 768 1275 gentes
782 1192 898 1276 populi
913 1190 1062 1257 Romani
1082 1199 1273 1275 vestraque
1285 1190 1433 1255 familiar
1447 1189 1496 1253 fe·

391 1300 513 1361 nerant.
558 1294 643 1361 Dies
657 1313 711 1360 me
732 1292 879 1371 deficiat,
895 1294 925 1357 si
939 1313 1038 1375 reges
1051 1292 1350 1379 imperatoresque,
1364 1301 1496 1357 temere

390 1398 426 1463 in
441 1398 587 1463 hostiurn
602 1404 708 1463 terras
723 1402 952 1479 trausgmssns
966 1416 1045 1461 cnm
1058 1396 1219 1460 maximis
1241 1394 1402 1461 cladibus
1423 1396 1497 1459 suis

390 1502 669 1585 exercituumque
681 1517 829 1573 suorum,
839 1517 1011 1563 numerare
1027 1498 1138 1564 velim.
1159 1496 1399 1573 Athenienses,
1415 1516 1498 1580 pru·

391 1604 586 1669 (lentissima
600 1602 730 1679 ciuitas,
742 1603 830 1667 bello
844 1602 937 1667 domi
950 1602 1081 1677 relicto,
1090 1607 1227 1665 anctore
1240 1619 1338 1683 mque
1349 1600 1498 1683 impigro

390 1726 432 1772 ae
446 1706 554 1772 nobili
562 1698 716 1789 jurene,tl
729 1722 851 1786 magna
865 1704 975 1770 classe
986 1706 1022 1769 in
1036 1703 1190 1769 Siciliam
1204 1703 1417 1781 transmissa,
1432 1722 1498 1766 una

389 1809 504 1875 navali
519 1828 632 1893 pugna
648 1807 822 1873 florentem
841 1826 911 1872 rem
933 1806 1105 1891 publicam
1123 1824 1222 1873 anam
1239 1806 1274 1871 in
1290 1812 1496 1891 perpetuum

393 1910 595 1977 afflixerunt.

432 2014 487 2079 42.
523 2013 670 2078 Externa
698 2018 732 2077 et
757 2010 859 2078 nimis
882 2012 1023 2096 antiqua
1047 2017 1176 2096 repeto.
1227 2008 1352 2076 Africa
1371 2010 1497 2075 eadem

390 2120 504 2183 istest
521 2114 572 2180 Μ.
591 2113 748 2194 Atilius:
771 2114 899 2197 insigne
922 2115 1100 2197 utriusque
1121 2113 1262 2178 iortrmm
1283 2110 1496 2196 exemplum,

388 2220 488 2285 nubis
511 2218 710 2283 documento
732 2216 808 2282 sint.
853 2215 920 2281 Nae
943 2216 1018 2295 tibi,
1041 2215 1085 2280 P.
1102 2214 1251 2293 Corneli,
1266 2234 1344 2279 cnm
1361 2236 1408 2281 ex
1423 2219 1496 2282 alto

390 2321 539 2388 Africam
555 2320 787 2404 conspexeris,
806 2317 908 2385 ludus
921 2326 955 2383 et
963 2319 1067 2403 jocus
1078 2329 1090 2357 ⁹
1108 2318 1215 2383 fuisse
1228 2318 1413 2402 Hispaniae
1426 2326 1496 2387 tuae

390 2424 604 2489 videbuntur.
649 2421 742 2501 Quid
754 2422 844 2487 enim
856 2421 989 2486 similet
1006 2422 1220 2505 pacatomari
1229 2430 1460 2505 proeteroram
1469 2430 1496 2461 ¹²

390 2526 499 2591 Italiae
527 2524 714 2609 Gallioeque
741 2528 861 2589 vectus
887 2522 1080 2606 Emporias,
1108 2523 1143 2588 in
1168 2524 1283 2588 urbem
1311 2524 1496 2603 sociorum,

391 2629 536 2696 classem
552 2627 739 2711 appulisti:
762 2627 938 2710 expositos
953 2627 1089 2705 milites,
1104 2645 1166 2710 per
1179 2627 1354 2694 tutissima
1365 2629 1495 2707 omnia,

391 2733 434 2796 ad
452 2729 567 2794 socios
584 2736 620 2794 et
642 2729 771 2794 amicos
793 2729 912 2814 populi
935 2727 1082 2794 Romani
1100 2729 1324 2808 Tarraconem
1339 2729 1497 2795 duxisti:

391 2834 435 2898 ab
450 2831 642 2896 Tarracone
657 2829 775 2896 deinde
789 2831 852 2896 iter
866 2849 929 2914 per
943 2829 1103 2914 praesiclia
1118 2829 1294 2896 Romana:
1314 2833 1408 2896 circa
1418 2831 1497 2898 Ibe·

389 2955 460 3001 rum
477 2933 644 2998 exercitus
659 2931 764 3015 patris
779 2933 955 3016 patruique
970 2932 1033 3009 tui,
1050 2940 1129 3016 post
1142 2934 1290 2998 amissos
1311 2935 1495 3018 imperato

389 3059 444 3105 res
459 3037 639 3101 ferociores
653 3040 689 3100 et
708 3034 903 3100 calamitate
917 3035 1014 3117 ipsa:
1037 3033 1110 3098 dux
1120 3041 1145 3082 ¹¹
1168 3033 1407 3101 tumultuarius
1419 3039 1495 3121 qni·

421 3211 430 3236 ⁸
449 3202 497 3253 Rea
504 3201 592 3252 salias
603 3200 723 3251 manenti.

851 3309 925 3332 m
928 3308 1032 3332 'oum

391 3401 425 3475 ro
439 3398 501 3449 Del.
519 3399 577 3461 prid
595 3396 655 3446 eud.
672 3404 733 3447 aute
754 3396 838 3448 Gron.
855 3403 886 3445 nt
901 3394 981 3446 etiarn
997 3395 1080 3446 (lton.
1093 3394 1264 3459 veniat—ll
1283 3394 1349 3444 Post
1366 3399 1497 3445 mmm

391 3463 621 3578 ollnlllllrtldllet.
639 3527 712 3578 Men.
725 3528 800 3577 Voss.
824 3539 953 3588 perorm
989 3524 1092 3576 Deinde
1104 3524 1228 3588 optimus,
1238 3525 1498 3575 rectnrianrlmo-

389 3593 479 3642 riman
488 3595 585 3643 cluam
599 3595 707 3654 limporis
716 3590 847 3656 apparate
863 3589 889 3641 J·
906 3591 935 3639 F.
948 3589 1099 3640 (irum—l!
1119 3591 1223 3652 Vulgat.
1235 3599 1297 3638 ante
1309 3589 1393 3641 Gron.
1401 3591 1499 3650 ferrers

388 3659 524 3708 summitate
544 3661 597 3722 ipsu
610 3657 692 3719 sacti:
717 3664 741 3707 ct
757 3659 817 3706 dar.
850 3656 914 3705 Mox
934 3656 1011 3704 &aar
1028 3656 1231 3718 proclament
1248 3670 1265 3704 a
1280 3655 1497 3719 argentace-ra

422 3887 551 3950 dimpigro
562 3889 772 3951 ncnotilijurenu]
785 3885 920 3936 Alcibiade
961 3885 1004 3947 qui
1028 3885 1100 3948 priua
1123 3885 1208 3933 victor
1226 3898 1241 3932 r
1257 3881 1396 3946 Xantippo
1413 3883 1497 3945 Spar·

389 3963 529 4024 nimirum
554 3965 597 4028 qui
616 3972 701 4013 tannen
721 3965 818 4012 bellum
837 3963 921 4025 iprum
961 3961 1136 4021 transistus,
1156 3967 1303 4024 captusque
1324 3973 1340 4008 a
1358 3959 1498 4024 Carthagi·

390 4041 416 4088 in
427 4039 516 4089 Sicilia
534 4055 584 4088 nnn
596 4041 684 4104 gessit,
696 4040 746 4090 etsi
758 4039 815 4102 ejus
826 4047 921 4088 auctor
960 4039 1104 4100 niennibna,
1123 4037 1193 4103 npnd
1209 4051 1256 4088 eos
1274 4037 1382 4088 tandem
1398 4038 1497 4087 misere

389 4113 484 4163 sinerer.
516 4117 613 4165 Verum
623 4115 647 4165 id
657 4129 704 4180 per
714 4115 919 4164 Demosthenem
959 4115 1047 4178 periit.
1081 4113 1147 4162 Vide
1160 4127 1214 4176 pra
1226 4113 1320 4161 ceteris
1332 4111 1440 4162 Florum
1451 4113 1498 4164 lib.

390 4198 418 4238 et
431 4192 533 4241 Niciam
547 4199 657 4256 gestum,
668 4192 711 4254 qni
726 4191 752 4240 in
769 4205 799 4239 es
812 4191 919 4254 expedi·
959 4205 993 4242 rr.
1002 4207 1026 4242 c.
1035 4195 1060 4241 2.
1074 4197 1103 4241 et
1119 4191 1208 4240 Valet.
1222 4189 1295 4239 Mar.
1305 4187 1351 4238 lib.
1361 4203 1383 4238 1·
1398 4203 1460 4254 cap.
1473 4193 1496 4238 1.

389 4267 920 4331 tionecnmexercituAtlienicnsiumper·
959 4283 1029 4319 num.
1041 4273 1083 4318 lt.
1101 4275 1237 4319 auctorem
1253 4266 1288 4318 tle
1306 4266 1380 4316 Viris
1400 4267 1496 4317 illustr.

391 4345 454 4404 iere,
464 4357 478 4392 a
489 4345 605 4408 Gylippo
615 4343 810 4394 hcedaemnnio
823 4344 893 4394 victi.
959 4361 983 4398 c.
995 4349 1035 4396 tt).
1049 4353 1077 4396 et
1088 4345 1159 4396 alins.

426 4431 436 4456 ⁸
447 4423 483 4471 M.
494 4423 597 4485 Atilius]
612 4423 650 4473 De
665 4423 703 4472 ll.
717 4421 797 4472 Atilio
809 4421 919 4486 Regulo,
