3259 5225
466 526 540 577 nra.
562 526 711 577 xxvrrr.
733 527 817 579 oar.
837 512 893 579 34.
969 537 973 543 ·
1138 512 1226 583 2461

130 672 389 758 tergoeqnitem
409 672 600 749 sustineret,
622 680 658 738 et
676 672 758 757 ipsi,
773 692 853 741 cnm
873 674 931 739 diu
955 674 989 741 in
1010 676 1124 741 orbem
1145 696 1224 743 sesa

130 778 296 843 stantibus
322 776 419 862 equis
439 775 677 855 defendissent,
704 776 749 842 ad
771 796 876 843 nuum
894 798 1011 843 omnes
1030 780 1111 845 oaesi
1126 787 1224 845 sunt:

129 902 191 947 neo
206 882 382 967 quisquam
405 880 557 966 peditum
579 881 797 967 equitumque
811 883 988 967 superfuit,
1003 885 1062 970 qni
1081 886 1117 949 in
1136 885 1225 951 r'alle

129 990 372 1069 pugnavemnt·
415 984 532 1049 Tertia
548 1004 637 1070 pars,
663 1004 741 1069 ane
763 986 798 1050 in
818 986 905 1053 oolle
922 987 966 1053 ad
988 989 1223 1072 spectaculum

129 1088 238 1169 magis
253 1093 369 1168 tutum,
385 1106 486 1171 quarn
502 1085 545 1180 ad
561 1095 690 1171 partem
713 1106 837 1171 pugnae
853 1090 1107 1175 capessendam,
1130 1096 1225 1156 stete·

129 1195 193 1268 rat,
207 1196 241 1255 et
252 1189 365 1255 locum
377 1196 413 1254 et
424 1196 558 1275 tempus
573 1189 617 1255 ad
629 1188 825 1273 fugiendum
837 1190 966 1258 habuit.
1011 1192 1178 1258 luterens
1191 1200 1227 1259 et

128 1293 237 1375 reguli
251 1292 318 1377 ipsi
332 1290 497 1375 ingemut,
513 1293 605 1377 prius
616 1312 718 1378 qnam
728 1297 801 1359 tota
815 1294 1111 1362 circumveniretur
1125 1296 1226 1375 acics,

128 1396 213 1462 inter
228 1394 405 1460 tumultum
420 1394 542 1480 elapsi.

171 1498 227 1563 34.
250 1494 373 1563 Castra
400 1498 519 1563 eodem
542 1498 597 1563 die
618 1498 864 1585 Hispanorum,
886 1504 1005 1585 praeier
1029 1500 1227 1586 reliquam¹⁶

127 1601 290 1688 praedam,
314 1620 390 1667 oum
419 1602 525 1666 tribus
547 1602 652 1667 ferme
670 1602 819 1667 millibus
842 1602 1015 1669 bominum
1037 1605 1226 1687 capiuntur.
1359 1655 1362 1662 .

127 1704 277 1771 Romani
293 1704 442 1787 sociique
463 1702 506 1768 ad
519 1704 609 1769 mille
623 1705 760 1771 ducenti
769 1712 793 1755 ¹⁷
816 1724 858 1771 eo
877 1706 996 1791 prestio
1012 1705 1225 1772 ceciderunt:

127 1808 303 1875 volnerata
318 1807 464 1893 amplius
479 1808 544 1873 tria
558 1808 664 1873 millia
673 1807 855 1874 hominum.
879 1808 995 1873 Minna
1011 1816 1148 1873 cruenta
1160 1810 1226 1873 ric·

127 1912 215 1977 toria
228 1910 360 1986 fuisset,
377 1910 408 1974 si
420 1912 607 1994 patentiore
621 1930 743 1993 campo
757 1919 793 1975 et
803 1910 848 1975 ad
859 1910 969 1993 fugero
982 1910 1226 1995 capessendam

125 2012 222 2081 facili
243 2013 332 2079 foret
359 2019 556 2096 pugnatum.
602 2012 770 2091 Indibilis,
787 2014 935 2096 abjectis
958 2013 1040 2078 belli
1062 2014 1225 2090 consiliis,

122 2115 209 2181 nihil
224 2115 325 2180 tutius
345 2114 378 2179 in
396 2112 528 2179 afflictis
543 2114 641 2179 rebus
657 2114 870 2199 experteiide
882 2121 916 2180 at
927 2116 1105 2181 clementia
1115 2115 1227 2199 Scipi-

126 2219 204 2284 onis
218 2224 323 2296 ratns,
345 2214 568 2281 Mandonium
582 2217 737 2282 fratrem*
752 2216 797 2283 ad
812 2238 889 2283 eum
900 2219 1022 2299 mittit3
1038 2218 1107 2303 qui,
1122 2218 1226 2284 advo·

124 2322 218 2388 lutus
229 2318 378 2405 genibus,
391 2318 542 2384 ‘fatalem
553 2320 679 2387 rabiem
689 2322 850 2403 temporis
860 2320 953 2404 ejns’
964 2327 1114 2399 accusat,
1127 2325 1227 2387 ‘oum

125 2424 220 2490 velut
239 2424 436 2506 contagione
450 2421 597 2508 quadam
621 2422 785 2507 pestilera
807 2442 873 2487 non
893 2423 1057 2507 Ilergetes
1077 2422 1228 2490 modoet

126 2524 302 2605 Lacetani,
325 2523 385 2589 sed
407 2531 665 2608 castraquoquc
688 2523 848 2589 Romana
869 2525 1077 2591 insanierint.
1119 2524 1227 2591 Suam

126 2626 265 2716 quidem
279 2635 314 2694 et
327 2627 436 2693 fratris
453 2635 488 2692 et
507 2626 707 2712 reliquorum
724 2627 940 2712 popularium
962 2647 1038 2694 eam
1060 2627 1228 2693 conditio·

124 2752 202 2810 nem
220 2751 309 2809 essa,
321 2737 359 2796 ut
380 2736 448 2810 aut,
464 2729 494 2794 si
509 2731 557 2794 ita
573 2729 738 2810 rideatur,
753 2730 893 2795 reddant
904 2730 1081 2814 spiritum*
1095 2730 1137 2795 P.
1152 2731 1227 2796 Sci-

125 2833 232 2919 pioni,
247 2834 292 2898 ab
308 2831 423 2898 codem
443 2830 504 2897 illo
520 2837 706 2916 acceptum,
723 2838 783 2897 aut
797 2831 925 2896 servati
939 2831 993 2896 bis
1006 2832 1064 2897 noi
1076 2831 1226 2898 debitam

124 2937 232 3004 vitem
244 2956 304 3021 pro
315 2956 357 3002 eo
370 2937 404 3001 in
414 2939 616 3020 perpetuum
626 2934 829 2999 devoveant.
858 2932 970 2999 Antea
979 2933 1013 2998 in
1023 2952 1129 3000 cansa
1141 2941 1223 3000 sna’

124 3038 284 3105 fiduciam
300 3039 366 3103 sibi
386 3037 503 3116 inisse,
516 3037 661 3102 nondum
678 3041 819 3121 experta
832 3035 1011 3101 clementia
1023 3035 1115 3120 ejus:
1137 3056 1225 3104 nunc

126 3150 255 3219 eontra,
272 3140 400 3205 unllam
420 3141 455 3204 in
477 3157 595 3218 causa,
618 3135 744 3203 omnem
772 3139 807 3202 in
832 3137 1062 3204 misericordia
1087 3140 1225 3204 victorie

126 3263 224 3331 spem
238 3243 385 3330 positam
395 3241 419 3281 ¹⁸
435 3239 582 3308 habere?
614 3240 694 3306 Mos
707 3247 865 3306 vetustus
880 3237 1139 3319 eratRomanis,
1151 3260 1229 3306 cnm

158 3423 172 3460 ⁸
193 3425 433 3478 incausatum
443 3425 611 3489 etniiieiuat.

584 3567 766 3604 emmae

158 3693 190 3740 ld
206 3689 250 3740 ΑΙ.
265 3694 326 3739 ante
338 3687 419 3740 Gran.
428 3692 516 3752 mater
526 3691 710 3736 euim-lt
728 3689 848 3737 Damion
859 3686 942 3737 Gron.
955 3685 1126 3750 idoniare-ld
1142 3683 1225 3738 Veto·

125 3765 181 3808 rent
193 3760 284 3806 teuent
298 3755 404 3804 lection.
417 3753 500 3804 Gran.
512 3751 621 3817 Donjat.
637 3753 780 3816 reperimur,¹
798 3751 832 3801 da
843 3766 896 3817 qua
905 3751 965 3804 Jao·
975 3752 1057 3802 (iren.
1090 3749 1150 3800 ‘lta
1160 3763 1224 3802 rane

623 3931 730 3984 NOTAE

155 4039 166 4068 ¹
183 4030 341 4084 romeam
349 4029 469 4094 fruitam]
487 4029 573 4081 Alium
589 4037 654 4094 poto
695 4037 722 4082 te
734 4029 807 4082 Glar.
817 4029 943 4094 conjicit:
960 4027 1055 4077 deiude
1065 4025 1223 4078 Mandonius

124 4107 292 4162 allandenio
304 4107 486 4172 ragnimonjur
497 4106 653 4158 autebiriue
695 4109 767 4174 prior
788 4107 880 4158 nullibi
901 4104 984 4155 irater
1004 4103 1123 4152 Indibilis
1141 4101 1224 4154 inim

123 4186 257 4238 meminit:
283 4183 424 4235 cumcuim
435 4185 593 4234 Mandonior
609 4184 653 4235 ille
693 4184 835 4236 iudicatur.

122 4267 149 4320 lo
167 4265 259 4316 eadam
278 4276 337 4312 eom
355 4261 461 4312 Indibili
479 4265 557 4327 culpa
574 4272 653 4324 erret,
725 4259 924 4324 dammam]
942 4258 975 4309 ln
987 4254 1160 4308 defendenda
1173 4257 1222 4308 aci·

123 4357 175 4394 oon
199 4341 303 4390 ridetur
324 4339 410 4403 aptior
429 4338 508 4390 iniere
529 4339 561 4389 ad
584 4339 654 4392 ruiti·
692 4334 1034 4403 lioetpalriaauaerrudio.

123 4419 236 4488 gundum
249 4417 371 4468 rictorem
383 4415 541 4480 Scipionem,
555 4422 585 4467 nt
597 4431 654 4469 reo·
