3259 5225
390 555 480 622 nm
856 571 1012 625 aarum

390 712 541 794 iecednt,
555 715 718 800 repetite‘3
739 717 776 780 ut
790 731 836 779 ex
852 731 906 792 eo,
922 711 1004 799 qnid
1019 712 1174 798 speretis,
1193 710 1359 778 babeatis.
1402 710 1489 781 Gom

389 817 500 882 bostis
537 817 725 897 alienigena
749 815 786 880 ia
815 815 919 882 ltalia
945 822 1038 882 esset
1061 821 1095 880 et
1119 813 1296 881 Hannibal
1317 813 1437 892 bostis,
1456 818 1492 878 ct

392 924 516 985 cuncta
536 918 627 983 ballo
642 918 805 996 arderent,
820 917 957 982 omissis
975 917 1141 996 omnibns,
1155 917 1283 982 omisso
1299 918 1376 1001 ipso
1396 915 1492 980 Han·

389 1020 513 1100 nibale,
528 1022 629 1086 ambo
643 1021 800 1086 consules
814 1027 850 1085 et
871 1018 938 1084 duo
957 1021 1150 1085 consulares
1172 1019 1339 1085 exercitus
1358 1017 1402 1082 ad
1423 1015 1490 1083 Ga·

389 1143 492 1208 paam
518 1122 777 1208 oppuguandam
804 1122 977 1187 miserunt.
1020 1119 1172 1188 Alterum
1199 1141 1323 1186 aunum
1350 1120 1489 1188 circum·

389 1225 534 1293 vassatos
549 1226 767 1311 inclusosque
788 1245 851 1290 uos
868 1225 957 1290 same
974 1231 1156 1302 macerant,
1176 1230 1211 1288 et
1232 1224 1301 1308 ipsi
1314 1224 1490 1288 nobiscum

388 1327 507 1394 ultima
531 1329 680 1414 pericula
705 1325 784 1394 ac¹⁸
806 1327 1024 1410 gravissimos
1047 1327 1179 1392 labores
1207 1326 1370 1412 perpessi,
1400 1325 1492 1390 circa

388 1431 515 1497 vallum
536 1449 581 1498 ac
601 1431 713 1497 iussas
738 1449 834 1513 saepe
858 1430 1026 1507 trucidati,
1052 1440 1088 1495 et
1109 1449 1215 1514 prope
1238 1428 1282 1494 ad
1301 1420 1491 1493 extremum

387 1535 511 1599 castris
526 1535 632 1600 exuti.
661 1533 728 1599 Sed
742 1536 864 1599 omitto
875 1533 961 1598 baec.
990 1533 1100 1598 Vetus
1116 1540 1217 1617 atque
1227 1531 1350 1598 usitata
1360 1549 1412 1596 res
1426 1536 1490 1598 est,

387 1636 422 1702 in
436 1635 660 1722 oppugnanda
671 1636 811 1702 bostium
825 1637 907 1702 urbe
918 1637 1052 1701 labores
1064 1655 1106 1700 ac
1119 1634 1270 1720 pericula
1283 1633 1367 1717 pati.
1398 1631 1489 1698 Illud

386 1738 448 1804 irre
467 1747 573 1824 atque
590 1737 878 1805 odii-execrabilis
899 1739 1059 1804 indicium
1075 1744 1138 1804 est.
1182 1735 1354 1804 Hannibal
1374 1735 1489 1818 iugen-

387 1841 479 1907 tibus
494 1842 606 1925 copiis
630 1840 778 1925 puditum
801 1844 1020 1926 equitumque
1040 1847 1153 1907 castra
1169 1839 1384 1925 oppugnavit,
1398 1844 1432 1902 et
1444 1855 1490 1903 cx

386 1950 483 2027 parte
500 1943 612 2027 cepit:
633 1948 727 2008 tauto
745 1944 899 2026 periculo
924 1943 1006 2008 nibil
1031 1943 1115 2009 moti
1141 1942 1281 2008 suntab
1303 1939 1489 2006 obsidione.

386 2044 567 2111 Proiectus
579 2050 669 2110 bans
684 2043 888 2111 Vulturnum
903 2046 1049 2130 perussit
1063 2045 1225 2111 Calenum
1246 2062 1382 2128 agrum:
1405 2041 1491 2108 nibil

387 2153 483 2213 tanta
495 2147 664 2213 sociorum
680 2147 779 2213 clade
799 2149 934 2214 avocati
956 2157 1044 2220 sunt,
1090 2147 1146 2214 Ad
1162 2148 1273 2232 ipsam
1288 2146 1403 2210 urbem
1418 2144 1490 2210 Ro·

386 2269 476 2316 mam
489 2249 609 2315 infesta
624 2250 720 2332 signa
738 2249 814 2315 ferri
832 2249 946 2336 jussit.
990 2250 1076 2317 Eam
1096 2269 1234 2336 quoque
1255 2256 1488 2333 tempestatem

385 2353 611 2425 imminentem
625 2361 834 2436 spreverunt.
877 2353 1125 2436 Transgressus
1138 2352 1316 2429 Anienem,
1333 2354 1396 2416 tria
1416 2351 1490 2416 mii·

383 2456 431 2522 lia
455 2473 616 2539 passuum
639 2456 684 2520 ab
704 2453 797 2521 Urbe
818 2463 932 2523 cestra
957 2457 1089 2542 posuit:
1113 2463 1278 2542 postremo
1302 2454 1344 2519 ad
1362 2454 1490 2519 moenia

382 2564 463 2644 ipsa
475 2566 508 2627 et
518 2557 562 2623 ud
575 2566 692 2643 portas
706 2561 864 2625 accessit
908 2559 1054 2626 Romam
1070 2579 1107 2626 se
1121 2559 1330 2625 ademturnm
1345 2557 1410 2637 eis,
1422 2557 1489 2623 nisi

383 2664 573 2731 amitterent
583 2661 748 2747 Capuam,
762 2661 918 2728 ostendit.
950 2662 1258 2729 Nonomiserunt.¹⁹
1291 2660 1395 2725 Feras
1410 2660 1489 2727 bes·

384 2764 466 2843 tias,
477 2784 570 2831 caeco
581 2766 709 2848 impetu
725 2784 768 2830 ac
782 2765 875 2830 rabie
888 2765 1089 2844 concitatas,
1103 2766 1133 2831 si
1149 2765 1192 2831 ad
1208 2764 1336 2830 cubilia
1348 2770 1381 2828 et
1394 2770 1490 2829 catn-

383 2866 438 2933 ios
451 2886 566 2934 aarum
579 2867 630 2932 ire
644 2886 777 2952 pergas,
792 2867 837 2933 ad
853 2887 955 2952 opem
972 2868 1045 2933 suis
1060 2867 1229 2934 ferendam
1242 2876 1392 2933 avenas.
1414 2864 1490 2931 Ro·

382 2989 504 3037 manos
518 2970 632 3036 Mure
643 2970 881 3047 circumsessa,
896 2971 1071 3056 conjuges,
1091 2972 1201 3050 liberi,
1216 2989 1359 3055 quorum
1375 2969 1489 3054 plora·

384 3080 442 3141 tus
455 3072 534 3137 bine
544 3079 573 3111 ¹⁰
594 3091 702 3157 prope
723 3073 1001 3154 exaudiebantur,
1017 3093 1098 3149 aras,
1112 3073 1192 3145 soci,
1209 3073 1318 3139 Deum
1332 3072 1488 3150 delubra,

384 3176 542 3259 sepulcra
554 3175 721 3259 majurum
737 3183 903 3241 temerata
917 3195 959 3241 ac
974 3175 1113 3255 violata,
1128 3195 1150 3240 a
1163 3174 1286 3259 Capua
1305 3194 1374 3241 uon
1395 3194 1489 3241 aver·

383 3282 509 3343 krusts
531 3283 623 3342 tanta
643 3276 792 3341 aviditas
811 3278 972 3362 supplicii
995 3278 1189 3363 expetendi,
1203 3285 1300 3344 tanta
1314 3278 1487 3362 sanguinis

382 3384 493 3449 nostri
506 3380 679 3448 hauriendi
691 3388 745 3447 est
758 3381 843 3447 sitis.
890 3382 967 3450 Nec
981 3382 1103 3467 injuria
1116 3384 1270 3450 forsitan.
1315 3382 1391 3450 Nos
1405 3400 1487 3468 quu-

385 3485 551 3570 quoidam
565 3485 774 3561 fecissemus,
788 3486 819 3549 si
831 3483 913 3550 data
926 3484 1060 3551 fortuna
1074 3491 1179 3552 esset.
1222 3484 1342 3570 Itaque
1352 3485 1488 3569 quando

384 3589 479 3656 aliter
493 3590 571 3655 Diis
582 3588 826 3654 immortalibus
841 3588 951 3653 visum
965 3598 1028 3667 est,
1049 3608 1124 3654 cum
1138 3595 1278 3655 mortem
1293 3608 1338 3653 ne
1352 3606 1488 3653 recusa-

383 3708 420 3757 re
433 3691 570 3777 quidem
584 3691 745 3772 debeam3
767 3692 935 3759 cruciatus
950 3692 1248 3775 contumeliasque,
1262 3710 1349 3775 quas
1372 3698 1488 3775 sperat

382 3793 503 3873 bostis,
525 3792 604 3858 dum
627 3792 722 3872 liber,
745 3792 824 3858 dum
853 3795 917 3859 mei
939 3802 1061 3879 potans
1083 3814 1168 3875 snm,
1198 3792 1343 3876 effugere
1366 3798 1486 3871 morto,

383 3902 606 3980 praeterquam
621 3893 777 3973 honesta,
791 3894 894 3960 etiam
908 3896 989 3975 leni,
1003 3916 1153 3984 possum.
1182 3895 1264 3961 Non
1280 3894 1402 3961 videbo
1414 3892 1487 3980 Ap.

384 3998 563 4064 Claudium
577 4005 612 4063 et
625 3996 670 4077 Q.
685 3996 856 4076 Fulvium,
872 3998 1182 4065 victoriainsolenti
1199 3998 1368 4074 subnisus,
1379 4015 1486 4082 neque

383 4102 518 4168 vinctus
531 4120 591 4186 par
605 4101 720 4166 urbem
735 4098 926 4167 Romanam
941 4100 1097 4187 triumphi
1111 4098 1345 4186 spectaculum
1361 4099 1485 4177 babor,

848 4252 1033 4301 mant}

383 4412 559 4458 mam
557 4396 931 4461 mmſtrtflrmau
932 4395 1489 4513 1-7ὓοοτΙπμοιῇω,Μκ-’18ΑΙ.

384 4464 478 4515 nitra
479 4412 733 4515 ut'aeuas-
628 4462 850 4517 ludlmterdit.
869 4464 1117 4514 Bimae-irenei.
1118 4464 1183 4512 -20
1254 4461 1302 4513 i're.
1320 4462 1489 4528 ‘Mulepurr
