3259 5225
465 559 538 611 urs.
563 561 695 611 xxvrr.
719 560 799 610 cur.
822 544 877 610 27.
1061 575 1065 586 1
1124 545 1211 612 2337

111 710 233 792 coepta
248 705 292 771 ab
315 701 466 770 Etruscis
484 704 563 789 luga
582 723 739 790 pavorem
760 703 885 770 ceteris
906 703 1085 790 injecisset.
1131 704 1211 772 Non

111 816 228 875 tamen
243 809 384 874 omisere
398 827 543 892 pugnam
561 808 685 874 deserti
701 809 744 872 ab
760 807 914 873 Etruscis
935 808 1133 890 Fregellani,
1153 808 1212 874 do·
1268 851 1271 856 -

111 931 180 978 nee
203 913 320 994 integri
343 911 499 976 consules
516 909 680 976 hortando
699 910 834 994 ipsique
855 931 898 980 ex
919 915 1013 994 parte
1032 910 1212 994 pugnaudo

113 1035 185 1080 rem
200 1017 420 1080 sustinebant.
465 1014 531 1080 Sed
545 1019 721 1098 postquam
733 1014 922 1078 vulneratos
931 1013 1031 1078 ambo
1043 1013 1211 1094 consules,

115 1115 319 1182 Marcellum
334 1117 434 1181 etiam
449 1116 648 1181 transfixum
663 1113 806 1180 lancea‘
822 1114 1049 1198 prolabentem
1065 1135 1110 1179 ex
1124 1134 1213 1199 equo

114 1218 349 1284 moribundum
364 1217 490 1297 videre,
512 1224 583 1282 tum
606 1226 642 1282 et
659 1217 724 1301 ipsi
739 1217 918 1303 (perpauci
940 1225 1050 1290 autem
1072 1237 1213 1301 snpere-

113 1319 208 1406 rant)
232 1340 309 1386 cum
329 1320 489 1405 ,Crispino
514 1321 661 1398 consule,
682 1319 817 1385 duobus
833 1319 960 1404 jaculis
974 1321 1055 1397 icto,
1069 1325 1104 1384 et
1120 1320 1212 1385 Mar·

115 1425 203 1490 cello
221 1423 443 1500 adolescente,
465 1423 581 1488 sancio
601 1428 635 1487 et
653 1422 741 1506 ipso,
766 1423 963 1505 effugerunt.
1007 1422 1210 1488 Interiectus

114 1527 162 1592 A.
186 1521 386 1592 Manlius²f
408 1527 561 1590 tribunus
585 1525 740 1601 militum,
762 1533 796 1589 et
820 1543 865 1589 ex
889 1524 1022 1589 duobus
1042 1523 1212 1608 praefectis

116 1630 250 1694 socium
266 1627 328 1695 Μ’.
347 1626 474 1695 Aulius
494 1629 640 1706 occisus,
663 1627 703 1692 L.
723 1625 893 1692 Arenuius
914 1634 1047 1711 captus.
1090 1626 1136 1690 Et
1152 1628 1213 1692 lic·

114 1739 208 1796 tores
224 1730 400 1796 consulum
420 1731 566 1816 quinque
585 1730 656 1795 vivi
675 1731 709 1794 in
729 1728 873 1794 hostium
889 1736 1093 1813 potestatem
1115 1749 1223 1796 verue-⁴

114 1841 214 1900 rnnt:
244 1835 343 1899 ceteri
371 1840 429 1899 aut
457 1831 632 1911 interlecti,
661 1837 723 1896 aut
754 1850 830 1896 cnm
853 1833 993 1896 consule
1018 1831 1213 1914 effugerunt.

116 1935 261 2020 Equites
275 1945 341 2002 tres
354 1942 387 2001 et
401 1935 636 2020 quadraginta,
651 1940 710 2000 aut
724 1935 758 1999 in
774 1934 902 2018 praelio,
918 1944 978 2000 aut
996 1934 1032 1998 in
1045 1934 1137 2018 tuga,
1158 1955 1214 2000 ee·

115 2039 279 2116 ciderunt,
294 2039 523 2122 duodeviginti
538 2040 606 2104 vivi
619 2038 723 2121 capti.
775 2037 1027 2103 Tumultuatum
1041 2045 1075 2104 et
1089 2039 1125 2103 iu
1139 2058 1214 2103 cas·

116 2141 178 2206 tris
191 2140 307 2216 fuerat,
330 2149 368 2205 nt
382 2140 575 2206 consulibus
592 2141 675 2204 irent
695 2139 871 2220 subsidi03
897 2159 974 2206 cnm
990 2141 1161 2205 consulem
1178 2147 1214 2207 et

115 2243 222 2308 filium
237 2243 374 2309 alterius
388 2242 540 2308 consulis
552 2241 685 2308 saucios
696 2243 907 2326 exiguasque
918 2241 1063 2307 infelicis
1075 2243 1213 2327 expedi·

114 2346 216 2410 tionis
234 2347 396 2431 reliquias
419 2346 463 2412 ad
484 2353 597 2411 castra
615 2345 785 2410 venientes
809 2351 960 2411 cernunt.
1004 2343 1100 2410 Mors
1122 2345 1214 2410 Mar·

117 2449 194 2513 celli
209 2468 285 2512 cum
301 2447 428 2534 alioqui
443 2448 645 2514 miserabilis
661 2448 738 2527 suit,
750 2454 820 2514 tum
839 2447 929 2532 quod
941 2467 1004 2512 uec
1019 2467 1080 2532 pro
1101 2453 1213 2527 aetate,

114 2550 240 2638 (major
256 2552 327 2636 jem
350 2553 436 2617 enim
458 2553 631 2636 sexaginta
645 2552 741 2617 annis
763 2547 863 2635 erat)
882 2570 987 2635 neque
1007 2570 1069 2635 pro
1089 2549 1214 2617 veteris

114 2655 298 2740 prudentia
312 2654 431 2734 ducis:
443 2662 511 2721 tam
527 2655 712 2741 improvide
725 2663 735 2702 ³
753 2674 791 2720 se
814 2654 1044 2737 collegamque
1059 2659 1093 2719 et
1106 2673 1214 2738 prope

115 2764 223 2823 totam
245 2778 313 2823 rem
344 2760 515 2843 publicam
542 2760 576 2824 in
601 2778 752 2844 praeceps
776 2757 925 2823 dederet.
970 2755 1100 2821 Multos
1122 2756 1215 2823 circa

114 2880 217 2926 uuam
232 2880 299 2925 rem
316 2861 459 2925 ambitus
473 2860 633 2940 fecerim,'
647 2861 689 2941 si,
705 2880 782 2945 quae
798 2859 842 2925 de
863 2857 1020 2924 Marcelli
1032 2865 1140 2923 morte
1155 2877 1214 2923 va·

114 2964 207 3029 riant
221 2970 385 3041 auctores,
400 2963 513 3028 omnia
526 2963 649 3050 exequi
663 2964 775 3028 velim.
819 2961 869 3028 Ut
888 2962 1041 3027 omittam
1055 2961 1157 3039 alios,
1173 2961 1213 3025 L.

116 3064 270 3131 Goelius⁸
284 3067 450 3150 triplicem
465 3068 513 3132 rei
529 3074 632 3149 gestae
646 3064 795 3130 ordinem
811 3064 882 3130 edit
892 3069 928 3131 :⁴
942 3076 1041 3129 unam
1055 3063 1214 3130 traditam

147 3222 158 3249 ⁴
177 3216 230 3265 Nee
240 3220 353 3280 quartam
362 3214 472 3280 exigebat
485 3214 624 3280 pudentia,
635 3228 705 3279 quam
715 3228 852 3279 conparat
861 3212 910 3263 rili
918 3176 1103 3277 delatratione
1111 3211 1167 3274 joar
1176 3228 1216 3265 oc·

116 3286 160 3379 ω’
166 3284 298 3396 θῧῗικτὶτιτη
308 3346 369 3397 otili
384 3350 445 3397 earet
460 3346 529 3408 locro
545 3344 666 3395 camur
683 3344 795 3407 muita,
810 3342 935 3407 maeque
944 3340 1082 3404 mormius
1091 3342 1155 3394 cirea
1165 3357 1215 3393 rear

114 3426 199 3461 am

580 3488 700 3510 OOOOOOO
701 3488 762 3510 ΟΜ

114 3588 194 3639 aeque
209 3574 334 3625 moreat
344 3572 403 3623 olim
415 3571 608 3637 legebatur-2
623 3571 686 3621 Vid.
700 3571 766 3622 Not.
777 3570 874 3635 Delph.
885 3568 932 3620 int'.
944 3575 970 3619 at
982 3569 1064 3648 tiron.
1080 3568 1123 3620 ubi
1134 3569 1216 3620 disse·

114 3640 170 3689 ruit
182 3638 216 3689 de
230 3638 333 3689 nomine
347 3640 440 3703 prioris
459 3635 635 3702 praefecti-⁸
646 3636 655 3665 ‘
665 3636 707 3686 lta
719 3636 878 3686 Rhenanus
891 3636 1035 3686 restituisse
1044 3635 1214 3699 depravatam

115 3704 256 3755 locumrit.
287 3702 394 3753 Priores
404 3703 534 3767 improvide
541 3702 597 3752 issu
609 3702 662 3751 coll.
678 3716 726 3752 nec
738 3701 815 3751 allter
831 3700 939 3764 legimus
948 3699 1128 3763 cantabrigiae.
1136 3701 1215 3750 vom.

114 3768 327 3833 apostatarent
336 3769 387 3817 cett
416 3768 542 3818 Nimirum
554 3766 706 3830 colligenda
718 3767 824 3831 propias
835 3766 929 3830 litera,
940 3764 1155 3829 scabendomqus
1166 3770 1217 3814 ten

113 3834 248 3899 mmm«
255 3832 488 3898 sacrilegasque)
495 3832 553 3886 Jac.
565 3832 695 3883 Gran-t
703 3830 745 3884 ‘lc
752 3832 844 3882 Coeliar
853 3831 971 3897 ιτίμὶεοιι
980 3832 1017 3882 rai
1023 3837 1100 3895 μασι
1110 3830 1216 3880 ordinem

611 3959 721 4012 norm
812 3936 814 3946 ’

147 4048 647 4127 ‘mammaemamma-
688 4058 806 4109 uterum
830 4056 953 4119 mma
965 4056 999 4107 Δ.
1014 4056 1124 4106 rreum
1139 4052 1214 4105 aa«.

113 4138 185 4190 cello
196 4152 246 4203 per
256 4130 340 4188 late'ra
351 4138 451 4187 tractam
461 4138 515 4188 lato
525 4135 596 4188 ferro
607 4152 646 4187 ar·
687 4150 731 4186 arra
740 4134 854 4197 mittan,
863 4139 887 4184 ct
897 4149 930 4183 ea
939 4132 1028 4183 eoas
1042 4131 1164 4196 prosectis
1176 4146 1215 4181 η.

35 4236 42 4245 ·
113 4224 215 4267 matam
227 4214 317 4265 scribit
327 4213 402 4266 Plut.
685 4213 749 4263 eirca
759 4212 859 4262 aaran
870 4210 964 4270 Aeliae,
981 4208 1012 4257 L.
1028 4208 1148 4258 Arerriar
1161 4222 1217 4271 crp-

148 4290 162 4325 f
176 4290 321 4351 intersectas
331 4293 364 4340 Δ.
377 4288 496 4355 Matar]
517 4291 582 4340 enm
594 4302 647 4339 me·
686 4294 734 4352 tac,
744 4293 877 4353 expuncta
889 4300 954 4335 roae
972 4286 1071 4347 cecina
1087 4299 1163 4348 qnam
1181 4283 1215 4334 alt

113 4366 647 4429 lioresecdiceaexhibeantiatcrscctimon
686 4366 788 4419 homine
798 4364 941 4415 semidocta
950 4363 1080 4428 adjectam
1091 4368 1191 4413 censet.

114 4446 160 4495 abs
172 4458 202 4495 re
212 4445 358 4510 auspicatur
368 4442 451 4495 Gran.
466 4442 506 4494 lta
516 4441 647 4507 scripsisse
718 4442 773 4495 rb.
782 4440 882 4507 Goeliar]
894 4440 1032 4493 librorum
1043 4446 1160 4492 veterum
1172 4436 1216 4489 alii
