3259 5225
497 563 569 614 ars.
594 563 725 614 xxvn.
749 564 832 614 aar.
853 547 907 614 ll.
1160 550 1248 618 2³09

144 710 185 778 G.
201 707 368 778 Claudius
383 707 480 776 Nero
494 708 598 793 legati
611 711 769 776 cornibus
785 717 963 793 praeerant,
978 708 1165 776 Marcellus
1178 733 1247 778 me-

143 815 237 880 diam
265 812 385 890 aciem,
415 812 569 878 hortator
596 813 765 897 testisque
797 831 958 898 praesens,
985 811 1147 880 firmabat
1191 815 1248 882 Ab

142 915 337 982 Hannibale
355 913 506 1002 Hispani
519 915 661 1002 primam
677 915 873 981 obtinebunt
889 915 1040 990 mutem,
1054 923 1089 982 et
1101 917 1136 982 id
1150 919 1248 985 robo-

141 1019 190 1086 ris
213 1021 249 1086 iu
273 1019 366 1084 omni
389 1019 542 1084 exercitu
568 1025 652 1085 erat.
696 1018 783 1085 Cum
803 1037 929 1103 auceps
942 1017 1000 1084 diu
1020 1039 1132 1103 pugna
1146 1026 1247 1103 esset,

142 1120 321 1190 Hannibal
347 1119 544 1205 elephantos
566 1121 599 1186 in
628 1121 773 1206 primam
800 1121 912 1186 aciem
939 1119 1056 1190 induci
1072 1122 1188 1207 jussit,
1216 1125 1247 1189 si

142 1243 245 1310 quem
272 1221 408 1307 injicere
431 1241 475 1288 ea
499 1241 555 1288 res
578 1223 754 1289 tumultum
779 1242 822 1289 ac
843 1243 1005 1308 pavorem
1027 1225 1165 1310 posset¹
1204 1225 1249 1291 Er

140 1325 252 1410 primo
279 1322 455 1389 turbarunt
483 1323 580 1408 signa
609 1321 819 1410 ordinesque,
844 1329 879 1390 et
900 1327 1023 1408 partim
1046 1327 1247 1407 occulcatis,

141 1425 268 1511 partim
283 1423 459 1510 dissipatis
483 1429 615 1505 terrore,
630 1425 690 1511 qui
713 1427 802 1492 circa
825 1433 932 1499 eraut,
946 1427 1156 1496 nudaverant
1178 1449 1248 1497 una

141 1533 238 1612 parte
268 1527 398 1611 aoiem;
419 1527 589 1614 latiusque
619 1527 700 1611 fuga
729 1535 913 1606 manasset,
942 1529 979 1594 ni
1007 1527 1045 1596 0.
1073 1529 1248 1598 Decimius

144 1629 272 1696 Flavus
285 1629 435 1696 tribuous
451 1629 607 1708 militum,
621 1629 719 1714 signo
731 1636 865 1715 arrepto
883 1628 984 1714 primi
998 1630 1156 1710 lutati·
1175 1653 1246 1699 ma-

142 1731 293 1818 nipulum
308 1731 385 1818 ejus
399 1732 485 1816 signi
502 1751 540 1797 se
555 1731 653 1815 sequi
670 1729 846 1815 jussisset·
889 1731 1010 1809 Duxit,
1025 1732 1084 1798 ubi
1099 1735 1247 1802 maxime

143 1835 320 1902 tumultum
332 1835 546 1919 conglobata
560 1834 685 1902 bellue
701 1835 879 1914 iaciebant,
892 1835 1030 1921 pilaque
1042 1836 1078 1902 in
1091 1857 1152 1903 eas
1167 1859 1246 1905 oon-

139 1937 205 2022 jici
222 1937 337 2022 jassit.
380 1935 525 2003 Haesere
540 1937 651 2003 omnia
666 1936 734 2002 tela
747 1937 836 2002 baud
851 1935 982 2004 difficili
997 1958 1041 2004 ex
1055 1941 1247 2026 propinquo

144 2040 180 2105 in
194 2048 291 2106 tanta
310 2058 451 2124 corpora
469 2041 551 2118 ictu,
573 2045 609 2104 et
632 2047 701 2106 mm
721 2039 876 2106 conserta
895 2041 1005 2106 turba.
1049 2039 1118 2108 Sed
1132 2049 1170 2108 ut
1181 2063 1247 2109 non

144 2161 263 2209 omues
276 2143 438 2210 uulnerati
462 2148 560 2224 sunt3
582 2144 643 2222 ite,
663 2142 697 2206 iu
720 2161 860 2227 qaorum
882 2143 984 2226 tergis
1002 2143 1109 2210 infixa
1127 2151 1249 2212 stetere

144 2245 228 2332 pila,
250 2245 305 2332 (at
322 2252 377 2311 est
392 2265 496 2329 genas
511 2243 682 2332 anceps,¹¹)
700 2245 736 2310 in
749 2245 863 2329 lugam
878 2245 967 2311 versi
981 2245 1084 2312 etiam
1097 2247 1248 2332 integros

145 2354 307 2414 evenere.
349 2348 435 2414 'l'om
454 2347 527 2434 jam
548 2366 616 2413 nou
631 2365 718 2414 uuus
731 2347 935 2431 manipulus,
950 2347 1008 2412 sed
1025 2359 1093 2432 pro'
1103 2369 1140 2414 se
1154 2351 1248 2434 quis·

146 2471 211 2536 qne
225 2451 332 2530 miles,
348 2450 406 2538 qui
421 2450 523 2515 modo
539 2451 677 2535 assequi
693 2467 810 2532 agmen
829 2449 1027 2532 fugientium
1050 2450 1249 2535 elephanto·

143 2573 216 2619 rum
237 2558 384 2638 poterat,
405 2551 478 2638 pila
497 2551 679 2638 conjicere.
722 2551 774 2617 Eo
795 2552 904 2637 magis
918 2570 1013 2618 ruere
1027 2553 1063 2619 iu
1077 2571 1162 2619 suos
1176 2555 1249 2620 bel·

145 2656 235 2737 luee;
258 2660 417 2739 tantoque
439 2654 600 2740 majorem
624 2662 773 2737 stragem
794 2654 903 2731 edere,
918 2672 1018 2739 quam
1038 2655 1122 2721 inter
1135 2655 1249 2723 hostes

146 2758 328 2839 ediderant,
343 2762 467 2843 quanto
486 2759 597 2823 acrius
620 2776 726 2841 pavor
748 2760 993 2823 consternatam
1016 2758 1120 2839 agit,¹¹
1143 2776 1248 2843 quam

143 2858 321 2928 insidentis
332 2858 485 2943 magistri
495 2858 638 2943 imperio
650 2860 799 2943 regitur:⁸
842 2858 883 2923 ln
899 2859 1127 2942 perturbatam
1141 2866 1248 2927 trans·

146 2982 246 3031 cursu
272 2962 453 3029 belluarum
477 2962 584 3028 aciem
609 2963 704 3045 signa
726 2962 869 3028 inierunt
890 2960 1037 3027 Romani
1057 2960 1199 3046 pedites,
1214 2972 1250 3029 et

144 3065 235 3133 haud
267 3083 393 3149 magno
430 3064 611 3131 certamine
639 3064 824 3150 dissipatos
854 3062 1127 3148 trepidantesque
1154 3083 1248 3130 arer-

145 3178 233 3239 tunt.
271 3170 360 3237 Tum
373 3171 408 3235 in
423 3170 589 3253 fugientes
605 3170 789 3254 equitatum
804 3168 956 3235 immittit
971 3166 1172 3243 Marcellus,
1185 3190 1249 3237 neo
1383 3242 1387 3247 ,

146 3283 226 3342 ante
251 3272 330 3339 finis
355 3272 514 3359 sequendi
539 3279 592 3339 est
615 3272 738 3354 iactus,
759 3293 862 3359 quam
884 3273 922 3337 iu
947 3278 1062 3338 castra
1085 3280 1251 3357 paventes

179 3448 188 3483 ¹
205 3450 308 3503 Teutam
318 3458 398 3505 atrurn
408 3468 439 3503 rx
448 3468 474 3502 eo
484 3452 576 3516 aliquid
587 3452 702 3505 rausum
710 3460 734 3506 et
744 3455 844 3505 terroris
856 3459 936 3519 passa
948 3454 1065 3505 mmsis
1072 3454 1169 3516 aerea

178 3522 198 3549 '¹
215 3516 319 3582 Arrepto
328 3519 397 3581 signo
406 3518 481 3583 priua
491 3518 638 3569 loommin
647 3521 771 3584 manipuli.
927 3517 931 3525 '

179 3586 194 3613 ⁸
212 3582 266 3638 Quo
281 3583 369 3645 majora
384 3583 475 3647 impeta
490 3598 634 3647 unoquoque
650 3586 733 3635 lurum
750 3585 881 3636 bellnam
896 3584 981 3635 timore
995 3584 1103 3649 pereum
1112 3584 1251 3648 impellam,

148 3656 218 3707 quen
227 3646 375 3709 unimam·
385 3650 457 3699 dactrr
467 3650 566 3699 rectoris
576 3650 618 3713 qai
627 3649 673 3713 ipsi
683 3650 782 3700 inridet.

148 3872 316 3937 ἔωσι-11
333 3876 449 3933 ‘Quanto
459 3875 546 3937 uniar,
557 3872 660 3936 fortias,
667 3888 741 3937 pauor
751 3879 926 3925 consternatus·
936 3874 1053 3939 qnamris
1064 3873 1176 3931 bellnam
1188 3876 1251 3936 ogit,

147 3952 180 3989 ea
193 3952 290 4003 parere
300 3950 420 3991 moretur
431 3950 458 3991 et
470 3938 647 4003 perturbatur,
658 3952 729 4003 qasra
743 3940 857 4001 sumlui
871 3940 970 4005 inperio
985 3940 1093 4001 regitur.-
1110 3940 1146 3989 lta
1158 3941 1252 4001 oprimi

147 4004 213 4054 Mra·
233 4006 306 4070 prob·
323 4007 406 4058 Gran.
439 4006 493 4057 Alli
515 4012 542 4056 et
560 4005 621 4055 ead.
640 4011 706 4054 vett.
726 4004 1250 4069 commmetmtar.'1lnpart.-

647 4132 756 4185 NOTAE

179 4232 247 4283 ‘Ut
268 4238 304 4283 est
324 4247 401 4297 grear
420 4232 516 4299 aucep]
541 4231 605 4283 Vult
626 4232 679 4282 ele·
717 4232 829 4282 irruant.
862 4227 1085 4284 Quemadmodum
1099 4240 1177 4289 uuae,
1190 4240 1250 4277 eum

147 4309 302 4373 pluantoranr
322 4310 504 4374 pacatianae
527 4322 631 4373 semper
652 4308 679 4358 lu
719 4306 1000 4371 vulueratleleplrauti,
1017 4318 1062 4355 sor
1078 4318 1189 4370 qaoque,
1205 4304 1250 4368 qui

148 4386 218 4437 bello
229 4392 330 4436 certum
342 4399 494 4448 sessanum,
507 4393 535 4437 ul
548 4384 592 4450 qnl
608 4398 679 4448 repe
719 4382 847 4434 volnerati
858 4397 910 4434 nou
921 4389 1006 4448 orant,
1020 4396 1108 4433 unum
1124 4380 1151 4432 in
1162 4379 1249 4447 iugum

147 4462 173 4512 lu
192 4476 262 4527 soor,
280 4477 331 4515 non
349 4464 432 4515 miuus
446 4476 523 4531 quarn
541 4463 569 4513 la
585 4462 680 4520 horton
720 4466 866 4511 traxerunt.
