3259 5225
461 549 534 598 nm.
558 547 690 598 xxvrr.
712 547 795 596 can.
822 531 877 596 ol.
1122 529 1210 597 2385

110 693 355 776 celebrataque
377 712 399 758 a
413 692 493 758 viris
506 694 720 777 ioeminisque
734 697 797 758 est.
841 691 962 756 Omnia
976 691 1123 776 templa⁸
1144 713 1207 777 per

111 801 223 860 totum
248 795 393 858 triduum
419 795 579 878 aequalem
605 796 735 860 turbam
755 794 919 875 habuere3
949 814 1026 860 curn
1047 800 1206 869 matronae

111 895 323 980 amplissima
349 901 443 962 veste
473 916 548 962 curn
574 897 709 975 liberis,¹
722 896 858 981 perinde
883 915 925 962 ao
949 897 979 960 si
1004 896 1206 962 debellatum

108 999 212 1076 soret,
226 999 315 1064 omni
330 998 449 1066 solutre
461 1007 564 1075 metu,
581 1000 668 1065 Deis
682 999 926 1064 immortalibus
940 1005 1046 1082 grates
1061 1004 1205 1083 agerent.

110 1101 244 1170 Statum
268 1122 403 1188 quoque
421 1104 571 1172 civitatis
594 1121 636 1168 ea
656 1101 799 1168 victoria
818 1101 947 1180 movit,⁰
969 1107 1006 1167 ut
1021 1102 1093 1187 jam
1114 1100 1204 1179 inde,

109 1206 201 1270 haud
215 1225 313 1272 secus
326 1225 423 1291 quam
438 1206 472 1271 in
484 1225 580 1290 pace,
590 1226 642 1272 res
654 1206 738 1271 inter
751 1224 788 1269 se
802 1203 1004 1282 contrahere,
1017 1202 1206 1282 vendendo,

111 1307 269 1387 emendo,
299 1315 446 1374 mutuum
477 1309 600 1389 dando,
628 1312 798 1391 argentum
827 1305 989 1372 creditum
1019 1305 1204 1381 solvendo,³

111 1409 282 1476 auderent.
340 1408 380 1475 G.
410 1409 573 1476 Claudius
603 1410 720 1476 consul
749 1429 826 1475 cum
850 1410 886 1474 in
915 1414 1027 1474 castra
1049 1408 1205 1486 redisset,

111 1518 220 1596 caput
248 1511 486 1590 Hasdrubalis,
511 1511 602 1597 quod
632 1517 800 1577 servatum
830 1530 905 1576 cum
928 1529 1011 1576 cura
1036 1511 1205 1589 attulerat,

109 1615 232 1699 projici
244 1620 328 1680 -aute
350 1615 492 1680 hostium
516 1615 693 1692 stationes,
707 1613 924 1698 captivosque
942 1613 1047 1679 Afros
1063 1614 1206 1691 vinctos,

109 1723 151 1782 ut
175 1723 280 1794 amnt,
294 1717 438 1796 ostendi,
453 1717 537 1782 dnos
557 1718 659 1783 etiam
680 1736 726 1782 ex
740 1717 783 1782 iis
797 1715 928 1781 solutos
943 1717 991 1782 ire
1007 1716 1049 1781 ad
1071 1715 1205 1780 Hanni·

109 1818 237 1896 halem,
252 1825 286 1884 et
308 1837 516 1902 expromere,
530 1838 608 1903 quae
631 1825 710 1884 acta
724 1825 850 1897 essent,
859 1817 973 1903 jussit.
1019 1818 1203 1897 Hannibal,

110 1927 206 1986 tauto
222 1920 321 1985 simul
337 1922 474 2005 publico
491 1921 713 2005 familiarique
728 1921 815 1986 ictus
827 1921 931 1997 luctu,
945 1926 956 1956 ‘
970 1941 1149 2004 agnoscere
1164 1939 1204 1986 se

109 2025 279 2090 fortunam
301 2023 536 2108 Carthaginis,'
548 2024 647 2090 fertur
669 2025 817 2090 dixisse:
840 2027 1026 2110 castrisque
1039 2026 1118 2091 inde
1133 2047 1205 2092 mo·

108 2128 167 2204 tis,
182 2131 245 2192 nt⁴
258 2127 371 2191 omnia
384 2126 521 2205 auxilia,
533 2145 610 2210 quaa
626 2126 749 2192 diffuse
763 2127 865 2192 iatius
880 2128 963 2194 tueri
975 2147 1041 2193 non
1056 2136 1203 2214 poterat,

108 2229 144 2294 in
168 2235 355 2294 extremum
378 2228 488 2295 ltaliae
511 2230 667 2313 angulum
682 2230 833 2295 Bruttios
847 2230 1064 2308 conueheret,
1078 2239 1113 2296 et
1128 2229 1204 2297 Me·

109 2331 321 2415 tapontinos,
343 2331 515 2397 civitatem
535 2333 737 2411 universam,
756 2333 888 2398 excitos
909 2331 1046 2399 sedibus
1068 2335 1151 2410 suis,
1165 2342 1202 2400 et

108 2431 320 2514 Lucanorum
351 2435 409 2519 qui
436 2453 508 2502 suae
533 2433 673 2500 ditionis
697 2442 802 2514 erant,
827 2437 863 2500 in
892 2435 1057 2501 Bruttium
1085 2455 1201 2519 agrum

108 2535 271 2602 deduxit.

562 2649 743 2675 mun!

107 2770 214 2833 optimis
231 2770 295 2821 Mur.
312 2768 508 2822 desiderantur!
524 2770 673 2835 Ruunt-s
689 2770 758 2822 Olim
779 2770 915 2834 legebatur
932 2772 1031 2832 noim,
1041 2772 1203 2837 semisque,

107 2836 232 2899 malaque
242 2836 386 2899 templu—8
402 2835 464 2885 Ver.
478 2835 524 2887 lib.
537 2837 624 2891 Siron.
638 2841 744 2886 natm
754 2837 831 2886 duodo
840 2841 973 2900 argenturc,
984 2839 1142 2902 creditam
1154 2840 1201 2887 ul·

106 2903 199 2950 mdo:
210 2900 237 2949 in
248 2900 399 2965 qniburdam
411 2901 475 2951 Mor.
491 2903 596 2957 eurem,
607 2906 713 2951 matam
720 2902 804 2957 doado.
813 2901 1049 2953 dalmtun-⁴
1062 2904 1071 2932 ‘
1082 2904 1144 2954 Vct.
1155 2903 1201 2954 lib.

107 2978 158 3015 non
170 2965 266 3016 habent
276 2972 321 3025 at;
337 2974 367 3017 et
377 2980 425 3031 pro
437 2980 501 3017 voce
512 2967 671 3029 munium,
681 2965 777 3016 habant
786 2967 923 3017 mnae!
938 2967 1027 3033 Sigon.

598 3110 708 3163 NO'l'AE

105 3208 197 3273 populi
214 3215 260 3259 rut
280 3208 388 3259 militam
404 3206 440 3259 'ad
459 3222 513 3259 rem
536 3214 633 3263 cartam
675 3209 825 3263 ortandarct
840 3212 977 3262 convulsas
991 3207 1071 3260 fairra
1088 3210 1201 3261 omnium

104 3290 315 3334 convocatorum.
348 3326 352 3343 ,
674 3284 811 3337 fortunare
841 3293 921 3353 etque
936 3286 975 3336 ita
991 3287 1142 3352 pleramque
1158 3301 1201 3335 ru·

138 3358 267 3409 ‘Storna
283 3374 372 3424 qnoque
381 3352 635 3415 emerammi
673 3364 753 3415 mitur
773 3362 880 3414 verbnm
898 3364 1025 3423 merlin
1048 3363 1091 3413 laia
1109 3369 1201 3415 contra

104 3434 193 3499 norit]
207 3434 385 3488 ‘Gemmarum
399 3441 511 3491 omnium
522 3438 636 3491 emtum'
673 3438 781 3491 mutatio
792 3439 922 3491 indicatur
932 3438 959 3490 in
968 3440 1067 3490 melier.

105 3509 176 3561 dixit
190 3510 306 3563 Velleius
322 3512 349 3563 lu
366 3514 459 3567 malain
476 3522 587 3581 partem,
603 3522 633 3566 nt
