3259 5225
387 556 391 561 ’
463 589 535 639 ure.
559 586 706 639 xxvru.
728 590 811 639 car.
832 573 888 643 33.
1134 576 1222 644 2269

123 724 211 797 diem
219 732 406 814 'posterum'
410 732 787 818 jubet,'prol'ectnsqne
809 734 948 800 decimis
963 735 1084 801 castris
1104 755 1221 821 perve-

122 834 172 897 nit
188 832 231 899 ed
247 834 381 900 Ibemm
396 834 530 900 flumen.
575 836 670 915 Inde,
686 846 847 923 superato
867 840 969 917 amni,
984 839 1038 905 die
1053 848 1171 924 quarto
1184 842 1222 905 in

122 944 309 1021 conspectu
318 938 461 1005 hostium
478 940 596 1023 posuit
608 948 731 1006 castra.
774 940 926 1025 Campus
937 948 1037 1007 unte¹²
1050 942 1222 1008 montibus

123 1040 215 1104 circe
238 1048 354 1125 septus
376 1039 473 1107 erat.⁶
517 1042 558 1107 Iu
588 1062 662 1108 eum
687 1042 810 1110 vellem
843 1044 959 1129 Scipio
987 1064 1065 1111 cunr
1090 1064 1223 1130 pecore,

122 1150 223 1226 rapte
237 1143 397 1229 pleraque
418 1164 465 1209 ex
490 1145 657 1211 hostium⁷
680 1148 780 1231 egris,
796 1148 941 1233 propelli
964 1148 1018 1213 ed
1031 1146 1224 1215 irritandam

122 1240 289 1309 feritatem
304 1246 521 1311 barbarorum
540 1246 714 1331 jussisset,
729 1250 850 1315 velites
865 1249 1021 1315 subsidio
1041 1251 1145 1316 misit.
1188 1248 1223 1314 A

122 1346 247 1432 quilius
263 1347 318 1411 nbi
335 1368 396 1433 per
410 1351 696 1432 procursationem
708 1352 888 1416 commisso
902 1371 1016 1435 pugne
1028 1359 1132 1431 esset,
1149 1352 1224 1419 Irm-

121 1449 206 1515 llum
221 1466 297 1516 cum
308 1450 465 1536 equitatu
477 1452 639 1537 impetum
650 1464 695 1519 e'x
710 1454 845 1518 occulto
858 1452 970 1518 fecere
974 1452 1084 1537 jubet.
1120 1454 1224 1521 Mons

122 1562 312 1637 opportune
329 1553 518 1638 prominens
533 1556 680 1639 equitnm
691 1554 947 1667 insidiasqexitr
969 1574 1033 1621 uec
1047 1556 1225 1625 nllumore

122 1675 246 1740 pugnae
276 1656 369 1722 lecte
391 1664 457 1722 est.
502 1656 653 1741 Hispani
678 1658 710 1723 in
728 1664 915 1742 conspecta
941 1660 1061 1741 procul
1084 1677 1223 1742 pecore,

121 1758 243 1824 velites
264 1760 298 1824 in
323 1759 501 1844 Hispanos
526 1759 642 1844 praeda
667 1768 855 1843 occupatos
884 1760 1061 1826 incurrere.
1107 1760 1223 1827 Primo

122 1861 311 1927 missilibus
327 1863 541 1944 territaverc3
563 1861 694 1940 deinde,
713 1862 870 1928 emissis⁸
890 1864 1024 1928 levibns
1040 1865 1128 1942 telis,
1145 1876 1224 1949 qu‘ae

121 1963 249 2030 irritare
270 1964 388 2047 magis,
412 1986 513 2048 quam
531 1965 716 2043 decernere,
736 1986 881 2049 pugnarn
908 1973 1074 2051 poterunt,
1093 1968 1224 2050 gladios

121 2066 259 2145 nudant,
271 2075 306 2131 et
321 2068 450 2133 collato
466 2067 552 2152 pede
576 2088 629 2132 res
649 2074 764 2151 coepta
779 2070 847 2151 geri
861 2075 935 2149 esi;
959 2088 1153 2156 ancepsque
1168 2090 1225 2154 pe·

122 2166 231 2234 desire
246 2178 415 2236 certamen
428 2178 525 2249 eret,⁹
538 2176 551 2207 ⁰
565 2170 630 2235 nisi
646 2170 775 2253 equites
791 2172 1076 2255 supervenissent.
1098 2171 1222 2258 Neque

121 2289 166 2335 ex
189 2270 333 2336 adverso
358 2280 489 2337 tanturn
516 2271 600 2337 illati
611 2280 637 2311 ¹⁰
657 2271 778 2337 obvios
801 2273 979 2352 obtrivere,
997 2274 1057 2339 sed
1083 2275 1225 2341 circum·

122 2374 213 2439 vecti
223 2374 324 2440 etiam
339 2374 476 2458 quidam
489 2374 669 2459 perintime
680 2374 760 2439 clivi
772 2376 815 2441 ab
829 2384 922 2459 tergo
933 2397 984 2456 se,
993 2385 1029 2443 ut
1041 2378 1224 2463 plerosque

121 2476 391 2557 intercluderent,
416 2478 641 2562 objecerunt-¹¹
687 2478 869 2562 Majorque
889 2479 1002 2544 caedes
1022 2480 1098 2557 fuit,
1120 2500 1223 2566 qnam

122 2587 284 2664 quantam
310 2580 407 2647 edere
431 2576 521 2646 leuis
541 2599 602 2664 per
616 2581 832 2646 excursiones
853 2581 974 2667 praelia
996 2582 1120 2648 solent.
1164 2582 1224 2650 Ire

122 2683 230 2766 magis
244 2703 387 2749 accensa
402 2683 544 2748 adverso
560 2683 678 2766 praelio
688 2683 841 2748 barbaris
853 2691 916 2764 est,
933 2701 1036 2769 quam
1058 2685 1222 2752 imminuti

122 2775 238 2853 enimi.
282 2785 415 2872 ltaque,
431 2805 474 2851 ne
491 2785 635 2870 perculsi
651 2785 853 2865 viderentur,
868 2787 979 2873 prims
992 2789 1069 2854 luce
1084 2799 1222 2873 postero

122 2889 178 2955 die
198 2889 354 2955 in'aciem
375 2907 581 2974 processere·
625 2887 704 2954 Non
717 2891 877 2972 capiebat
897 2911 1013 2956 onmes
1034 2892 1152 2976 copias
1165 2910 1223 2956 un·

121 2997 231 3078 gusta,
253 2993 343 3059 sicot
366 2997 442 3058 ante
467 2991 595 3057 dictum
620 2997 685 3070 est,
711 2990 835 3056 vallis:
857 2991 935 3060 duee
952 2992 1056 3059 ferme
1073 2993 1222 3078 peditum

578 3187 760 3212 MNOOOOO

155 3313 172 3360 d
188 3307 257 3360 itud.
268 3307 349 3372 antiq.
364 3313 460 3366 auten,-
477 3313 504 3357 et
516 3305 684 3370 circumseptae
702 3321 749 3370 pro
764 3306 827 3357 circu
842 3311 978 3373 neptes-⁷
999 3307 1107 3371 Ipsorum
1118 3306 1223 3357 lantiam

121 3373 190 3426 End.
202 3385 262 3425 eure
274 3373 406 3424 (irem-8
425 3373 540 3423 lllrenen.
550 3371 653 3438 (judice
665 3371 761 3435 (lton.)
774 3380 874 3423 temere
884 3373 994 3424 mutavit
1005 3382 1120 3423 veterem
1133 3387 1223 3423 rocem

120 3439 215 3492 entem
231 3440 257 3489 irr
274 3439 363 3495 mieeie,
374 3438 433 3501 quin
444 3451 475 3486 en
487 3437 591 3488 dlcendi
604 3452 699 3501 genere
716 3439 799 3487 utitur
816 3439 842 3488 in
859 3439 907 3488 lren
925 3454 953 3488 re
969 3453 1074 3504 semper
1089 3438 1222 3488 Liuius.-

117 3509 135 3556 9
151 3505 232 3556 ‘Pede
241 3504 422 3567 reeeoeptcgeri
430 3509 488 3560 eet,·
504 3517 643 3566 ancepsque.
666 3503 740 3554 Nilril
751 3504 843 3552 horum
855 3504 992 3553 verborum
1005 3505 1030 3554 in
1042 3503 1147 3569 optimis
1156 3504 1222 3553 Mes.

122 3571 168 3621 ned
180 3571 345 3620 continenter
356 3569 440 3618 mucio
449 3570 573 3632 pedestrer
590 3567 658 3616 nude
675 3568 858 3618 scribendum:
873 3569 969 3631 gladios
984 3573 1084 3629 nudant,
1101 3573 1124 3618 et
1136 3569 1221 3618 collem

118 3638 243 3700 pedestre
253 3640 370 3685 certmst
383 3638 452 3692 erem
469 3634 552 3684 Gron.
585 3632 637 3682 Sed
650 3633 676 3680 in
688 3634 737 3682 illie
750 3634 837 3683 verbis
850 3635 912 3683 nihil
924 3635 997 3684 Lirin
1009 3635 1140 3696 indiguum
1153 3647 1222 3688 eere,

121 3703 199 3751 immo
217 3715 304 3750 eorum
323 3714 374 3763 ope
390 3696 470 3749 fluere
488 3697 569 3761 magis
586 3698 738 3762 cretionem,
755 3705 784 3748 et
795 3699 956 3749 uicinitatem
975 3714 1064 3749 vocum
1074 3698 1132 3761 pede
1143 3713 1182 3747 ree
1193 3706 1222 3747 et

119 3769 229 3831 pedestre
242 3763 371 3822 effecisse,
381 3771 409 3812 ut
420 3765 518 3816 librarii
530 3761 616 3813 medis
627 3763 798 3826 transilirent,
810 3772 916 3814 mouent
928 3765 1005 3814 Crer-
1020 3772 1049 3812 et
1059 3761 1150 3811 nnn:
1169 3763 1221 3812 lle·

119 3835 249 3898 pets—1⁰
264 3831 367 3881 Deerat
381 3830 408 3878 in
422 3827 491 3880 Edd.
505 3829 586 3894 suth.
597 3826 628 3878 el
643 3827 783 3880 dart-11
803 3828 917 3890 dejecere
927 3829 1010 3880 Gron.
1022 3828 1131 3892 Donjet.
1143 3827 1221 3877 Creu.

617 3991 725 4044 NOTAE

154 4099 167 4128 ¹
185 4093 287 4156 Gnmpee
301 4091 368 4157 erte]
386 4089 508 4154 Intellige
519 4096 581 4140 eote
596 4103 651 4139 cen·
722 4098 735 4124 ⁰
755 4090 1044 4154 Codetopedereecoeptc
1051 4087 1107 4152 geri
1116 4092 1167 4147 eet,-
1178 4102 1223 4137 ea·

120 4175 172 4225 tre.
187 4169 242 4218 sive
260 4182 276 4218 a
291 4167 376 4219 fronte
392 4175 548 4229 castrorum,
565 4173 595 4217 nt
605 4166 651 4216 lib.
690 4182 788 4232 sepeque
800 4167 908 4230 pedestre
918 4170 1035 4215 certarnen
1046 4163 1111 4228 erut]
1127 4164 1222 4214 Melio-

122 4257 216 4296 xxrrr.
234 4243 340 4293 ‘llurius
352 4243 385 4316 qb
397 4244 651 4308 tergo,nnte,circa·
691 4259 733 4293 res
750 4241 860 4305 habeut,
878 4245 962 4294 eelim
979 4243 1086 4306 pedestre
1102 4245 1222 4290 certarnen

123 4335 182 4384 que,
202 4321 273 4369 velut
290 4319 347 4383 ripa
368 4333 485 4383 proeceps
503 4332 573 4369 orem
594 4319 651 4382 ejnr
690 4319 1136 4384 ernt,preetermisrisquaeinmedin.
1150 4317 1220 4366 ltine

121 4393 242 4462 (tumuli)
270 4410 370 4445 omnem
392 4393 532 4458 cingebat!
571 4395 652 4462 Aliae,
692 4396 800 4460 conjicit
819 4396 934 4448 Gronov.
950 4395 1221 4460 northmanmam

65 4508 68 4516 .
123 4473 316 4537 dampnantem
326 4471 629 4537 mcetilaecireauneptue.
688 4475 939 4538 pedeurecertoererr
949 4476 1011 4524 erar.
