3259 5225
395 537 485 604 282⁰
865 553 901 600 r.
926 551 1020 602 nrvrr

396 703 518 788 primo,
543 699 626 767 nihil
650 699 745 766 eliud
759 717 858 784 quarn
876 698 935 766 via
947 697 1125 783 impediti:
1146 697 1252 764 iere.¹³
1297 694 1447 778 Deinde,
1462 701 1502 762 ut

396 805 574 870 subletum
590 807 760 882 venerunt,
786 803 926 869 telorum
947 801 1055 885 primo
1079 801 1191 868 omnis
1214 801 1345 884 generis
1366 800 1423 866 vis
1448 802 1502 866 iu·

397 923 479 988 pens
495 903 605 970 effusa
618 910 671 970 est
685 904 719 968 iu
734 921 814 968 eos:
837 901 906 987 ipsi
919 909 1048 982 contra,
1069 921 1166 981 saxa,
1180 921 1259 987 quse
1274 902 1371 968 locus
1385 910 1502 967 strata

395 1009 536 1092 passim,
551 1006 666 1072 omnia
678 1007 783 1072 sermo
795 1005 963 1082 missilia,d
985 1005 1123 1090 praebet,
1135 1005 1296 1088 ingerere,
1318 1023 1389 1070 non
1410 1003 1501 1068 mili·

396 1115 450 1175 tes
464 1110 587 1184 solum,
602 1106 778 1174 sedetiam
793 1108 892 1172 turbu
906 1107 1062 1172 calonum
1076 1107 1227 1173 immixta
1240 1108 1394 1173 armatis.
1432 1105 1500 1171 Ge·

395 1217 513 1292 terum,
528 1229 721 1298 quenquam
737 1228 898 1275 ascensus
913 1208 1059 1274 difficilis
1079 1216 1161 1286 eret,
1185 1216 1221 1276 et
1243 1229 1350 1294 prope
1372 1211 1501 1274 obrue·

398 1315 519 1380 buntur
545 1313 622 1380 telis
648 1316 820 1400 saxisque,
851 1312 1067 1378 assuetudine
1092 1321 1203 1378 tomen
1231 1313 1503 1379 succedendi-¹⁴

336 1429 342 1436 '
396 1437 508 1484 muros
533 1423 566 1484 et
592 1417 779 1502 pertinacia
807 1415 912 1481 animi
936 1417 1108 1482 subierunt
1133 1416 1256 1502 primi.⁸
1299 1414 1381 1494 Qui,
1397 1416 1501 1484 simui

396 1539 513 1604 cepere
536 1519 666 1604 aliquid
682 1519 772 1604 sequi
786 1519 867 1598 loci,
882 1519 939 1584 ubi
953 1517 1050 1584 tirmo
1072 1521 1292 1585 consisterent
1310 1519 1431 1601 gradu,
1452 1520 1500 1585 le«

284 1695 288 1706 ,
398 1641 475 1689 rem
490 1631 525 1690 et
540 1627 809 1689 concursatorem
831 1621 962 1686 bostem
978 1628 1077 1706 atque
1093 1623 1267 1688 interuallo
1280 1627 1401 1697 tutuur,
1421 1643 1500 1688 curu

397 1726 516 1808 procul
544 1725 730 1792 missilibus
753 1743 865 1808 pugna
890 1725 1045 1802 eluditur,
1065 1725 1257 1790 instabilem
1281 1724 1429 1789 eundem
1455 1726 1500 1791 ad

397 1827 548 1892 cominus
577 1827 799 1892 conserendas
825 1845 957 1905 manus,
986 1827 1189 1912 expulerunt
1212 1827 1302 1907 loco,
1322 1835 1362 1893 et
1383 1835 1500 1892 oum¹⁵

396 1928 491 1995 caede
511 1930 679 2013 magnoin
703 1929 811 1994 aciem
832 1927 942 1993 altiori
966 1937 1210 2014 superstantem
1237 1929 1366 1994 tumulo
1390 1931 1498 2014 impe-

396 2051 481 2114 gero.
527 2029 612 2096 lude
627 2031 757 2116 Scipio,
765 2029 876 2115 jussis
890 2030 1052 2097 adversus
1067 2031 1212 2097 mediam
1227 2031 1372 2096 eredere
1386 2034 1497 2099 aciem

396 2132 589 2213 victoribus,
602 2143 731 2200 ceteros
756 2134 878 2218 copias
901 2151 986 2201 cunr.
1002 2133 1112 2200 nolio
1137 2134 1269 2212 dividit,
1292 2142 1396 2220 atque
1420 2155 1498 2201 euru

396 2244 489 2322 parte
512 2238 629 2304 dextra
654 2237 775 2303 tumuli
803 2239 987 2314 circumire,
1012 2238 1120 2304 donec
1144 2240 1307 2304 mollioris
1335 2259 1498 2306 ascensus

396 2341 486 2405 riam
500 2339 671 2420 inveniret,
680 2339 788 2424 jubet
833 2339 912 2424 Ipse
926 2342 971 2405 ab
985 2341 1083 2420 lura,
1098 2341 1238 2406 circuitu
1253 2341 1344 2407 baud
1364 2361 1497 2425 magno,

397 2444 434 2508 in
448 2447 660 2510 transversos
674 2443 791 2508 bostes
816 2443 962 2508 incurrit
1006 2441 1090 2508 lude
1114 2445 1222 2528 primo
1248 2447 1384 2510 turbata
1402 2446 1496 2511 acies

397 2551 461 2627 est,
486 2546 566 2610 dum
593 2546 636 2611 ed
666 2545 965 2611 circumsonantem
989 2545 1135 2632 undique
1161 2547 1336 2611 clamorem
1361 2548 1497 2615 flectere

398 2668 523 2716 cornua
536 2662 572 2715 et
586 2651 754 2715 obvertere
771 2647 906 2715 ordines
923 2649 1052 2715 volunt.
1095 2649 1177 2715 Hoc
1202 2649 1345 2715 tumultu
1362 2659 1402 2715 et
1416 2651 1497 2717 Ire·

395 2750 464 2817 lius
486 2753 603 2831 subiit,
626 2760 670 2832 et,
687 2752 765 2817 dum
782 2753 900 2837 pedem
915 2752 1069 2829 referunt,
1096 2773 1138 2817 ne
1160 2754 1205 2818 ab
1223 2759 1316 2835 tergo
1339 2754 1495 2819 vulnera·

395 2860 522 2934 rentur,
529 2855 645 2920 laxata
658 2854 766 2939 prima
776 2852 1048 2940 scies,locusque
1059 2853 1103 2919 ad
1113 2854 1322 2921 eradendum
1332 2861 1367 2921 et
1377 2857 1496 2923 mediis

395 2954 496 3022 datus
511 2962 581 3037 est;
604 2957 661 3041 qui
683 2975 742 3039 per
761 2964 829 3021 tarn
855 2956 1006 3041 iniquum
1032 2959 1156 3033 locum,
1172 2958 1346 3023 stantibus
1359 2959 1496 3042 integris

395 3058 579 3136 ordinibus,
594 3059 848 3146 elephantisque
873 3067 950 3125 ante
974 3060 1070 3143 signa
1083 3060 1215 3139 locatis,
1230 3080 1404 3145 nunqnam
1418 3080 1495 3125 era·

398 3162 534 3226 sissent.
578 3160 665 3228 Cum
691 3162 735 3227 ab
764 3162 854 3227 omni
876 3170 973 3245 perte
999 3160 1112 3229 caedes
1136 3161 1268 3241 tieret,¹⁶
1289 3163 1422 3248 Scipio,
1436 3162 1493 3248 qui

427 3300 885 3401 memmae-mour.

428 3408 1164 3475 recommonensmmaom

854 3570 1036 3593 numana

394 3670 421 3721 is
431 3684 529 3721 m.
560 3670 650 3728 Forte,
660 3672 686 3721 ie
697 3670 762 3721 ἐμοὶ
775 3672 802 3724 J.
812 3672 842 3722 F.
852 3670 1002 3723 tiron-lt
1018 3670 1285 3737 ‘Pompe-o,
1296 3670 1369 3721 eiiii.
1385 3671 1493 3733 Scripsi,

395 3736 905 3801 Persrpersprirseeilritutiedpserseie
918 3736 1496 3803 bpddiiaeerdetedeetntirtum

396 3802 504 3851 rabm-
536 3802 648 3854 Qrsidern
660 3808 688 3851 et
697 3802 784 3865 priore.
812 3802 938 3853 Nonnulli
951 3804 1106 3853 recentiores
1115 3800 1316 3863 uinculatum-⁹
1330 3800 1360 3852 J·
1371 3801 1403 3851 F.
1413 3803 1495 3852 Groe.

396 3868 462 3916 -rt
477 3866 568 3955 yutgo
590 3866 728 3931 legebatur
744 3869 770 3917 in
791 3868 861 3917 ΕΜ.
880 3874 942 3919 ente
964 3868 1052 3933 Sigon.
1069 3873 1094 3918 et
1114 3869 1263 3919 Μία
1283 3868 1494 3917 aeduae-rs

891 4012 1000 4065 Noun

426 4124 527 4175 ’ΝΜ
551 4124 618 4175 uliud
644 4142 713 4191 m
738 4128 778 4177 eie
804 4126 927 4193 inpediti]
965 4126 1129 4179 dificultate.

394 4200 507 4250 Rectum
528 4201 677 4265 ridebatur,
702 4204 766 4253 netto
784 4204 834 4253 elie
854 4218 926 4268 prese
996 4202 1116 4254 ‘onie
1125 4204 1206 4265 sm
1222 4202 1337 4268 nitide]
1356 4201 1494 4268 Adjeetire

393 4276 436 4325 eie
445 4274 567 4339 inpediti.-
583 4278 630 4328 sed
641 4292 692 4328 uon
704 4279 868 4344 ineleganter
879 4296 922 4332 ee·
964 4279 1088 4332 dicuutur
1096 4282 1203 4333 srirsilis
1212 4295 1285 4341 reu,
1301 4280 1336 4331 sd
1341 4281 1492 4346 jseienrlsn

395 4354 512 4404 essrtlro
526 4354 628 4405 utiturr
644 4354 706 4405 sitit
723 4356 790 4407 arae
806 4356 924 4422 inpediti,
963 4358 1067 4411 idem

394 4429 468 4498 qussi
482 4443 533 4482 uou
552 4430 628 4482 aliter
638 4432 757 4499 impediti
773 4448 852 4501 quem
871 4436 921 4487 rie
