3259 5225
446 537 519 585 uru.
541 535 674 586 xxvii.
695 535 775 588 onr.
796 520 851 587 30.
1110 522 1202 590 aaut

95 700 243 748 raeorum
253 689 274 719 ¹¹¹
291 678 588 765 Nemeonmqu0=
603 679 771 764 suffragiis
786 681 906 767 populi
920 681 964 748 ad
982 703 1058 750 eum
1076 682 1200 762 delata,

96 789 183 870 quia
202 806 241 852 se
263 784 489 852 Macedonum
508 803 604 868 reges
623 803 668 848 ex
687 804 729 850 ea
749 785 887 850 civitate
909 785 1095 851 oriundos⁰
1114 785 1201 852 reie-

97 897 187 968 ruut,
202 887 337 963 Hermia
351 887 508 971 peractis,
530 888 574 952 ab
594 887 673 970 ipso
689 886 818 953 ludicro
831 888 1027 971 extemplo·
1041 888 1202 970 AEgiom⁶

97 993 267 1075 proiectus
281 999 361 1069 est‚¹‘
372 990 415 1058 ad
427 989 591 1056 iodicium
606 991 713 1057 multo
729 999 807 1058 ante
824 993 994 1057 sociorum
1008 992 1201 1058 concilium.

98 1093 212 1160 Ibide
227 1093 379 1158 AEtolico
392 1093 539 1157 finiendo
552 1093 646 1159 bello
666 1102 794 1173 aetum,
813 1115 856 1159 ue
878 1114 983 1161 eausa
998 1103 1058 1160 aut
1072 1093 1201 1160 Roma-

95 1197 164 1274 nis,
191 1204 250 1262 aut
273 1193 390 1260 Attalo
414 1195 561 1262 intrandi
583 1195 754 1262 Graeciam
775 1205 883 1263 esset.
927 1196 997 1262 Sed
1014 1217 1056 1262 ea
1076 1197 1201 1277 omnia,

96 1299 239 1364 vixdum
255 1297 465 1363 induciarum
481 1303 627 1381 temporo
648 1299 868 1377 circumacto,
880 1299 988 1365 AEtoli
1012 1300 1202 1378 turbavere,

98 1407 282 1484 postquam
297 1406 332 1465 et
345 1398 499 1464 Attalum
516 1400 672 1483 AEginanr
689 1402 846 1479 venisne,q
863 1407 897 1466 et
912 1401 1102 1466 Romanam
1115 1400 1202 1467 elas·

98 1521 173 1566 sem
185 1511 273 1568 utare
289 1502 333 1567 ad
351 1501 568 1587 Naupactum
580 1503 751 1567 audivere.
797 1491 925 1570 Vocati
939 1504 1074 1569 enimin
1089 1506 1201 1570 conci·

97 1605 182 1669 lium
196 1603 413 1684 Achaeorum,
437 1607 471 1670 in
494 1625 560 1689 quo
583 1605 715 1670 eaedem
734 1607 924 1689 legationes
943 1613 1050 1686 eraut,
1064 1626 1142 1691 qnae
1156 1605 1201 1673 ad

98 1705 268 1772 Phalaru⁷
291 1714 429 1791 egerant
451 1708 493 1774 de
517 1727 616 1793 paee,
639 1709 783 1793 primurn
810 1711 922 1793 questi
946 1715 1026 1776 suut
1044 1709 1201 1796 quaedam

98 1828 207 1892 parra
220 1820 340 1876 eontra
353 1811 453 1876 fidem
469 1813 695 1877 conventionis
709 1820 860 1898 tempore
868 1812 1077 1878 induciarum
1088 1814 1200 1896 iacta3

97 1920 271 1998 postremo
296 1922 460 1998 negarunt
486 1914 597 1982 dirimi
621 1915 746 1980 bellum
772 1917 980 2000 possetint
1001 1915 1203 1982 Messeniis'

132 2071 147 2098 ⁰
164 2063 256 2115 Stetit·
265 2069 320 2130 put
331 2065 398 2116 ledor
407 2063 517 2118 Herm

561 2144 742 2168 temnunt

97 2251 116 2295 6
131 2245 140 2272 ‘
154 2243 186 2294 In
199 2243 317 2295 omuibus
330 2245 396 2295 Edd.
408 2253 449 2296 att
461 2246 560 2309 liliam,
576 2245 686 2298 Achaiae
699 2263 781 2310 prom.
792 2255 819 2298 et
830 2247 1016 2305 fretumora
1030 2254 1058 2298 et
1068 2246 1203 2314 oppidani.

98 2310 157 2360 Noe
168 2309 268 2372 Epion
278 2313 425 2375 recepimus
437 2326 470 2361 ex
482 2311 615 2363 emendat.
631 2313 676 2362 rix
693 2313 773 2364 dubia
783 2314 907 2365 Glareaui
917 2322 945 2363 et
955 2313 1014 2365 Jac.
1025 2314 1108 2365 Grou.
1134 2315 1203 2365 Nem

97 2389 189 2424 omnen
201 2376 371 2426 Meahabent
388 2378 497 2441 regium
514 2383 543 2427 et
554 2378 714 2441 aptiorimom
728 2380 753 2428 ir.
765 2380 783 2428 1.
799 2389 839 2429 eat
851 2379 971 2442 AEgierrr!
986 2379 1147 2444 nupero-t
1163 2380 1204 2429 Aa

97 2440 580 2508 Putemmtrnpffldannoron.
602 2443 715 2497 Quidam
723 2444 896 2497 Mandabat
908 2445 1004 2496 eadem.
1022 2441 1203 2496 Moxiufnet.

602 2573 712 2628 Notio

131 2678 151 2707 ¹·
170 2670 300 2721 Mona
309 2670 465 2737 Haroeorrun]
476 2670 574 2725 Herae
585 2688 632 2738 op·
672 2688 731 2725 curo
743 2674 828 2739 iprum
840 2674 929 2725 vocari
937 2672 1010 2724 aiunt
1021 2670 1138 2722 rnatu

97 2747 189 2813 pidum
200 2746 250 2797 fnit
261 2747 381 2798 Aroadita
390 2748 416 2797 io
424 2749 568 2800 meditullio
575 2747 632 2799 fare
704 2760 717 2785 ⁰
736 2752 775 2801 Ex
792 2766 821 2801 eo
836 2752 935 2801 deiide
951 2747 1075 2812 oriendae]
1099 2749 1203 2799 Primae

98 2826 285 2891 Pelopouueei,
304 2825 375 2892 (qnae
394 2840 461 2877 nune
480 2826 586 2892 Morem)
599 2826 632 2877 ad
673 2824 847 2878 Macedonum
863 2842 910 2877 rex
930 2828 1098 2878 cananaea
1117 2824 1203 2875 Here-

98 2901 295 2968 oudonemqnt
306 2904 334 2953 in
346 2902 475 2968 Alpheum
483 2903 631 2955 delenitura
673 2902 800 2953 elidarum
819 2903 950 2969 Argolidia
967 2917 1058 2968 regom
1077 2901 1203 2967 unguina

97 2980 181 3045 vulgo
204 2978 356 3045 quibusdam
379 2979 480 3030 Herm
506 2980 632 3031 Moletiue
673 2979 1122 3046 ortuefuit‚dequoderat-litatur.

98 3056 191 3107 Μ
208 3056 333 3121 appellet.
367 3056 420 3107 Hie
436 3056 492 3107 ludi
510 3058 566 3107 rire
577 3070 633 3106 eer-
704 3057 1079 3124 vAEgiarnfflit'uanrot‘eatm
1086 3055 1203 3123 nelop-

96 3134 201 3185 tamiae
218 3132 320 3183 ludicre
334 3134 537 3185 celebrabantur
554 3134 633 3185 mino·
672 3134 760 3201 pidum
772 3135 889 3199 Amne,
899 3134 933 3185 ed
946 3134 1159 3200 promontorium.

96 3211 134 3261 rie
145 3208 314 3275 famaquam
326 3210 445 3272 Nomen
462 3217 631 3276 utrorumque
703 3214 849 3276 effigium
870 3210 973 3275 mbae]
1000 3212 1091 3263 luania
1113 3218 1155 3261 eet
1175 3209 1204 3261 lo

96 3285 318 3337 tamenenrairoe
327 3287 631 3354 ennodelatePtrilippo‚
671 3288 757 3340 medio
776 3290 835 3341 riou
858 3289 984 3341 Saronico
1007 3290 1077 3339 iuter
1099 3288 1204 3353 plagam

96 3361 345 3425 utiieprreatderet.
672 3365 834 3418 Athenarum
851 3366 877 3418 io
895 3366 1018 3431 Hellade,
1031 3374 1060 3416 et
1076 3366 1204 3432 Epidauri

130 3448 145 3475 ¹²
162 3441 362 3506 Numaque]
387 3440 631 3507 NemeeArgolidia
671 3444 698 3495 in
709 3444 909 3509 Peloponneeot
927 3442 1133 3509 ineeqoondanr
1144 3456 1204 3507 reg·

97 3516 228 3582 oppidum
244 3517 270 3567 in
286 3517 376 3568 eadem
392 3518 630 3584 Peloponner0,iu·
671 3522 858 3573 ueritAEaoar.
890 3522 993 3572 Nomen
1010 3520 1205 3573 adhaeretioet

95 3600 142 3644 ter
151 3592 238 3657 Argoa
248 3600 277 3644 et
285 3595 446 3661 corinthum,
457 3596 502 3647 ubi
513 3596 566 3647 ludi
577 3596 631 3648 Ne·
670 3598 768 3663 Sponio
795 3606 875 3650 terte.
908 3596 1058 3661 Geogrephi
1085 3595 1204 3645 tentant

95 3670 163 3733 mai,
173 3670 241 3721 neeri
252 3686 346 3737 nempe
358 3688 454 3737 agonen
470 3676 497 3725 in
508 3676 630 3724 honorem
670 3676 776 3740 Regiam
787 3677 971 3740 noverimque
986 3673 1053 3724 edeo
1070 3674 1152 3724 riuum
1163 3672 1203 3737 ip·

96 3750 157 3799 aire
169 3748 301 3813 fluento,
312 3750 356 3814 qui
367 3750 521 3801 horrendum
532 3750 560 3800 in
576 3752 630 3802 Na·
670 3766 725 3803 euru
736 3751 808 3813 Goiso
819 3751 928 3814 d’Engr'a
938 3750 1081 3815 appeliant.

96 3842 159 3878 mee
169 3826 236 3877 aiire
252 3828 355 3879 leonem
370 3830 513 3891 occiderat,
524 3844 570 3879 reu
587 3844 632 3893 po·
704 3836 715 3865 ¹
731 3828 871 3894 Moerentia]
886 3827 1020 3879 Menenia
1030 3824 1205 3890 Peloponnesi

96 3904 154 3953 tine
166 3902 321 3955 Arrhemori
333 3904 450 3969 infantie,
464 3906 508 3971 qui
520 3906 632 3971 Lycurgi
673 3907 745 3970 regio
771 3907 842 3956 iuter
868 3906 938 3955 riona
961 3902 1153 3953 Mareeniaanm
1176 3908 1205 3949 et

96 3978 210 4031 'i'lrraeir
229 3978 306 4045 filine,
327 3980 487 4046 Hyprlpyiaa
506 3982 633 4043 aloinum,
673 3978 1206 4047 cyparittian:capntoiirnhebnilMeu·

96 4058 163 4108 doru
175 4071 208 4107 ea
219 4057 285 4107 viani
294 4066 396 4123 reptem
405 4058 526 4109 heroibus
541 4058 633 4109 adver·
673 4074 760 4109 renem
772 4060 805 4108 ed
817 4059 910 4108 oetinrn
919 4058 1034 4120 Balyra,
1042 4060 1121 4120 atque
1132 4068 1204 4104 orem

97 4150 144 4184 ene
161 4132 267 4184 Thebae
285 4134 510 4198 prodrirceutibur
526 4135 631 4185 demun·
671 4135 712 4185 eui
730 4136 819 4185 niorto:
845 4148 915 4185 nuno
933 4132 1070 4195 Munigo
1088 4131 1139 4181 dici
1158 4146 1205 4180 vo-

97 4218 179 4273 atrei,
195 4226 212 4260 a
233 4219 357 4277 torpente
373 4210 467 4263 ibidem
486 4210 573 4262 fuerat
594 4213 632 4261 iu·
672 4213 739 4263 iant.
773 4210 855 4276 Regio
884 4211 977 4275 purtim
1005 4211 1054 4260 eol>
1074 4208 1205 4258 Zmloeiae

98 4292 239 4337 tereretur.
271 4286 359 4337 Hodie
382 4288 513 4352 pertinere
535 4288 633 4339 dicitur
672 4288 776 4339 nornine
795 4284 1031 4351 comprehenditur,
1053 4286 1148 4350 partim
1168 4282 1204 4332 ed

99 4363 133 4413 ed
147 4362 631 4430 zacheuiam,Moreoe'regionem,cu·
672 4366 804 4415 Betaedere
829 4364 950 4428 refertur,
975 4378 1035 4429 que
1061 4362 1203 4427 provincia

95 4441 143 4505 jot
160 4454 253 4490 nomeu
269 4455 286 4489 a
303 4441 418 4491 laconio
428 4440 560 4494 detortum
574 4458 580 4489 t
596 4443 633 4492 lo·
672 4447 733 4493 anot
745 4440 853 4493 Morere.

166 4522 291 4589 ”elpidi
300 4521 360 4576 Ver.
371 4520 438 4573 Cloe·
600 4521 698 4573 Liuiae.
1076 4524 1091 4569 t
1110 4519 1134 4570 0
