3259 5225
448 507 520 558 nrn.
543 469 642 557 uxr.
664 506 747 557 car.
767 490 823 561 19.
1137 490 1225 559 2117

134 657 347 723 cunctantem
363 650 553 739 crispinum
569 653 745 738 perpulere
763 652 941 732 turmales:
963 670 1005 718 ne
1027 650 1162 737 impune
1174 655 1225 719 in·

134 757 263 823 sultare
290 753 501 841 Campanum
529 760 711 842 pateretur.
753 754 874 840 ltaque
901 760 1035 821 tantum
1063 765 1224 836 moratus,

132 860 213 924 dnm
244 859 463 943 imperatores
495 858 696 937 consuleret,
731 858 1001 942 permitterentne
1032 857 1099 957 sibi
1125 865 1225 923 extra

132 958 288 1025 ordinem
297 959 332 1025 in
346 969 583 1045 provocantem
597 960 728 1026 hostem
742 980 902 1046 pugnare,
927 960 1094 1045 permissu
1110 980 1225 1027 eornm

132 1050 230 1127 arma
242 1062 332 1147 cepit
344 1081 531 1147 equumque
544 1062 747 1143 conscendit,
761 1068 795 1128 et
809 1062 968 1143 Badium,
984 1064 1117 1130 nomine
1133 1082 1226 1129 com-

133 1164 280 1249 pellans,
306 1165 351 1230 ad
380 1184 525 1250 pugnarn
551 1165 721 1231 evocavit.
764 1163 874 1229 Nulla
893 1184 1026 1231 morea
1053 1164 1226 1250 Campano

132 1266 229 1332 facta
241 1272 305 1333 est.
348 1265 485 1333 Infestis
507 1264 602 1350 equis
624 1272 885 1333 concurrerunt.4
927 1267 1100 1352 Crispinus
1122 1286 1227 1352 supra

136 1372 273 1433 scutum
287 1366 457 1433 sinistmm
469 1367 641 1432 humerum
656 1365 767 1433 Badio
790 1366 892 1433 basta
905 1367 1086 1448 transfixit,
1109 1388 1227 1454 super·

135 1490 204 1556 qne
218 1469 398 1555 delapsum
410 1488 486 1535 cnm
499 1469 632 1537 vulnere
652 1488 697 1534 ex
710 1489 799 1554 equo
814 1468 960 1551 desiluit,
985 1476 1022 1537 ut
1046 1469 1152 1556 pedes
1170 1471 1228 1556 ja·

134 1575 268 1639 centem
295 1568 484 1637 conficeret.
540 1563 683 1649 Badius,
719 1570 813 1656 prius
844 1590 943 1656 qnam
973 1574 1226 1658 opprimeretur,

134 1692 256 1759 parma
277 1680 381 1759 atque
405 1692 494 1758 equo
515 1673 643 1750 relicto,
669 1673 714 1740 ad
739 1694 822 1740 snos
845 1671 997 1758 auiugm‘
1036 1673 1225 1760 Crispinus,

135 1794 263 1861 equum
286 1794 444 1859 armaque
472 1783 575 1860 capta
603 1785 641 1841 et
660 1784 853 1843 cruentam⁵
886 1776 1060 1862 cuspidem
1084 1777 1227 1861 insignis

135 1877 259 1963 spoliis
272 1882 452 1955 ostentam,
467 1896 544 1943 enm
556 1896 677 1961 magna
689 1879 788 1945 lande
797 1885 832 1945 et
842 1880 1064 1963 gratulatione
1076 1877 1227 1958 militum,

136 1979 184 2043 ad
197 1980 354 2046 consules
362 1985 414 2047 est
423 1980 598 2061 deductus,
606 1981 830 2067 laudatusque
839 1982 888 2047 ibi
901 1979 1076 2066 magnifice
1085 1989 1119 2047 et
1129 1980 1228 2046 donis

135 2082 292 2147 donatus.

181 2184 237 2250 19.
258 2183 430 2251 Hannibal
448 2204 493 2251 ex
516 2204 596 2270 agro
620 2186 862 2253 Beneventano
882 2191 993 2253 castra
1017 2184 1063 2252 ad
1077 2184 1229 2270 Capuam

138 2305 217 2352 cnm
231 2287 407 2365 movisset,
421 2281 518 2355 tertio
533 2295 611 2373 post
624 2288 691 2368 die,
706 2308 806 2373 qnam
821 2290 923 2367 venit,
942 2288 1060 2373 copies
1073 2288 1108 2352 in
1123 2286 1230 2353 aciem

139 2388 280 2470 eduxit3
301 2387 562 2475 haudquaquam
577 2389 710 2470 dubius,
722 2390 811 2475 qnod
823 2391 1018 2478 Campanis,
1027 2392 1164 2455 absente
1179 2407 1230 2467 se,

137 2512 270 2579 pancos
284 2499 363 2558 ante
379 2492 450 2559 dies
464 2494 614 2561 secunda
626 2491 746 2559 inisset
758 2512 880 2580 pugna,
895 2494 984 2580 quin*
993 2492 1097 2558 multo
1119 2492 1231 2557 minus

138 2614 177 2659 se
194 2611 359 2678 suumque
382 2594 483 2660 toties
510 2595 669 2661 victorem
690 2594 869 2662 exercitum
893 2596 1056 2661 sustinere
1081 2592 1231 2660 Romani

137 2702 292 2783 possent
322 2695 488 2775 ceterum,
498 2703 678 2784 postquam
691 2698 830 2782 pugnari
842 2702 990 2782 coeptum
1005 2704 1068 2776 est,
1082 2699 1231 2781 equitum

138 2798 290 2864 maxime
303 2799 451 2880 incursu,
464 2819 542 2866 cnm
551 2799 678 2886 jaculis
692 2800 895 2879 obmeretnr,
910 2798 1088 2864 laborabat
1107 2797 1232 2864 Rorna-

139 2921 185 2967 na
200 2900 310 2982 acies;
330 2899 436 2968 donec
462 2903 593 2986 signum
610 2901 780 2987 equitibus
792 2901 903 2968 datum
919 2905 982 2980 est,
1001 2906 1040 2965 ut
1054 2901 1088 2965 in
1102 2899 1232 2966 bostem

139 3003 352 3070 admitterent
366 3021 485 3088 equos.
527 3001 606 3069 lte⁶
626 3008 777 3087 equestre
790 3003 946 3087 pralium
960 3009 1041 3079 eret,
1065 3021 1141 3069 cnm
1154 3021 1234 3086 pro·

139 3107 201 3172 cul
215 3106 314 3176 visus
324 3105 590 3190 Sempronianus
603 3106 785 3185 exercitus,
799 3107 856 3172 cui
877 3103 941 3171 Gn.
956 3102 1131 3170 Cornelius
1142 3123 1232 3187 quae·

139 3213 381 3293 sterpraeerat,
394 3209 524 3293 utrique
537 3208 625 3294 parti
638 3227 753 3294 parem
766 3216 891 3275 metum
902 3209 1057 3293 praebuit,
1068 3227 1111 3272 ne
1119 3205 1234 3272 hostes

138 3309 466 3376 noriadventarent.
507 3309 617 3375 Velut
637 3329 681 3375 ex
705 3312 896 3394 composito
918 3310 1084 3394 utrimque
1107 3309 1234 3392 signum

140 3413 295 3496 receptui
309 3413 443 3495 datum3
464 3412 660 3497 reductique
685 3410 723 3476 in
742 3419 852 3478 castra
873 3431 978 3498 prope
1002 3431 1099 3497 aequo
1122 3410 1234 3476 Marte

141 3513 388 3580 discemernnt.
439 3515 561 3581 Plures
582 3520 694 3580 tamen
717 3515 762 3580 ab
783 3513 945 3580 Romanis
962 3515 1071 3601 primo
1096 3513 1235 3579 incursu
1311 3589 1314 3602 Ι

144 3615 299 3700 equitum
312 3614 514 3684 cecidemnt
556 3617 639 3683 Inde
661 3616 830 3692 eonsules,
853 3623 892 3681 ut
915 3619 1104 3683 averterent
1118 3614 1236 3697 Capua

144 3717 388 3802 Hannibalem,
409 3725 520 3800 nocte,
544 3739 620 3806 quae
651 3725 767 3786 secuta
788 3726 853 3799 est,
877 3719 1010 3793 diversi,
1038 3716 1179 3786 Fulvius
1202 3715 1236 3780 in

176 3917 735 3986 ‘manamaur-mrum.

143 4161 311 4217 (irenen—t
328 4161 371 4216 ΑΙ.
387 4169 582 4216 munera-t
597 4163 641 4216 ut.
651 4168 978 4229 mmmmm.

640 4301 748 4356 Now

407 4398 544 4465 iumagu]
553 4401 654 4454 cerum
665 4401 821 4455 scribitvsl.
829 4401 900 4456 Mar.
912 4413 951 4453 re.
962 4403 986 4450 1.
