3259 5225
365 529 455 595 2192
840 547 875 593 r.
901 545 995 594 mvn

365 691 470 768 virio,
488 689 618 757 dextris
630 691 716 756 inter
728 711 766 756 se
779 689 869 758 datis
883 687 1067 774 ultimoque
1089 691 1283 774 complexu,
1302 687 1466 775 collacryss

364 797 493 856 montes
507 810 603 857 suum
617 793 804 878 patrieque
819 811 947 870 casnm,
968 793 1038 870 alii,
1052 797 1091 857 ut
1103 793 1222 859 eodem
1236 811 1321 875 rogo
1336 809 1463 858 crema-

363 900 483 971 rentur,
495 901 697 978 manserunt,
712 896 771 960 alii
781 896 902 961 domos
916 893 1056 978 digressi
1071 901 1162 960 sunt.
1206 894 1363 978 Impletoe
1378 893 1464 959 cibis

365 995 512 1079 vinoque
524 1016 616 1062 venre
628 997 738 1061 minus
756 995 927 1062 efficacem
941 997 978 1061 in
999 997 1195 1063 maturanda
1209 1005 1316 1062 morta
1329 997 1397 1062 vim
1408 1015 1464 1061 ve·

364 1097 613 1163 nenifecerunt.
656 1097 778 1184 Itaque
790 1105 928 1164 noctem
942 1105 1044 1164 totam
1054 1099 1205 1184 plerique
1216 1118 1340 1176 eornm,
1352 1104 1387 1165 et
1396 1098 1464 1164 diei

365 1197 571 1282 insequentis
587 1207 725 1285 portem,
747 1219 823 1264 cnm
842 1201 986 1265 animam
1003 1202 1191 1284 egissent;'
1212 1205 1330 1266 omnes
1345 1207 1465 1276 tamen,

365 1301 458 1385 prius
472 1321 572 1387 quam
587 1303 1084 1388 aperireutnrhostibnsportre,
1095 1305 1298 1389 expirarunt.
1341 1302 1465 1368 Poste-

364 1423 404 1470 ro
416 1403 473 1469 die
486 1410 583 1489 porta
596 1403 619 1470 J
622 1405 709 1484 ovis,
725 1425 803 1490 quae
812 1403 971 1471 adversus
982 1413 1096 1472 castra
1107 1405 1261 1472 Romana
1273 1412 1356 1486 erat,
1363 1405 1464 1490 jussu

364 1507 600 1589 proconsulis⁵
622 1513 740 1591 aperta
752 1515 815 1574 est.
860 1507 911 1572 Ea
929 1509 1123 1573 intromissa
1143 1508 1230 1592 legio
1250 1527 1316 1572 una
1332 1517 1367 1572 et
1388 1506 1466 1572 dure

364 1608 429 1673 alm
443 1628 521 1674 cnm
536 1607 575 1675 C·
589 1605 708 1674 Fulvio
725 1608 866 1693 iegato.⁶
909 1609 947 1675 Is
963 1629 1040 1674 cnm
1055 1611 1201 1675 omnium
1216 1610 1358 1694 primum
1371 1627 1465 1674 arma

364 1711 512 1795 telaque,
526 1731 603 1795 qnoe
618 1710 751 1796 Gspuae
767 1717 874 1790 erant,
889 1711 933 1777 ad
949 1731 987 1777 se
998 1711 1199 1778 conferenda
1209 1720 1375 1790 curasset,
1388 1729 1466 1777 cns·

363 1812 465 1878 todiis
479 1813 524 1880 ad
543 1833 660 1879 omnes
675 1821 792 1898 portas
806 1815 994 1900 dispositis,
1009 1835 1051 1881 ne
1069 1817 1148 1901 quis
1168 1817 1260 1880 exire
1279 1823 1347 1906 aut
1359 1815 1466 1880 emitti

364 1920 490 1995 posset,
509 1914 703 1998 praesidinm
723 1916 889 1982 Punicam
911 1917 1176 2003 comprehendit,
1195 1924 1350 1984 senatum
1367 1917 1467 1983 Gam-

364 2033 491 2098 panum
504 2017 552 2081 iro
566 2017 601 2082 in
624 2023 737 2083 costra
750 2018 794 2085 ad
809 2020 1026 2104 imperatores
1043 2019 1217 2085 Romanor
1231 2019 1343 2105 jussit
1387 2018 1467 2099 Quo

365 2134 443 2181 cum
458 2119 636 2198 venissent,
648 2122 817 2206 extemplo
832 2120 884 2186 his
899 2121 1056 2186 omnibus
1066 2128 1197 2187 catenae
1207 2121 1352 2207 injectae,
1362 2121 1467 2206 jussi-

365 2239 433 2306 qne
447 2222 491 2288 ad
507 2230 694 2307 quaestores
715 2225 851 2307 deferre,
874 2225 967 2310 qnod
993 2226 1067 2292 auri
1089 2225 1283 2310 argentique
1296 2224 1467 2290 haberent.

364 2320 451 2390 Auri
469 2325 584 2411 pondo
610 2328 845 2410 septuaginta·
865 2329 942 2406 init,
968 2327 1097 2411 argenti
1120 2327 1185 2394 tria
1210 2328 1333 2394 millia‘
1355 2326 1467 2412 pondo

365 2433 402 2492 et
423 2427 593 2494 ducenta.⁷
635 2431 814 2497 Senatores
836 2432 984 2516 quinque
1004 2440 1042 2497 et
1058 2431 1172 2514 viginti
1187 2430 1289 2497 Gales
1302 2431 1338 2494 in
1353 2435 1467 2494 custo·

366 2527 469 2609 diam,
493 2528 743 2616 duodetriginta
759 2532 910 2597 Teanum
933 2533 1051 2598 missi:
1073 2551 1215 2618 qnorum
1243 2531 1286 2596 de
1301 2529 1469 2596 sententia

365 2633 515 2699 maximo
530 2632 694 2699 descitum
710 2636 755 2701 ab
770 2634 936 2701 Romanis
951 2636 1138 2701 constabat.

407 2735 462 2801 15.
487 2735 540 2801 Dc
564 2736 730 2822 supplicio
750 2736 916 2822 Campani
942 2746 1080 2803 senatus
1101 2736 1360 2823 haudquaquam
1382 2738 1470 2805 inter

365 2836 523 2902 Fulvium
549 2835 797 2923 Claudiumque
819 2841 1051 2905 conveniebat.
1097 2840 1223 2906 Facilis
1249 2840 1469 2926 impetranda

397 3153 413 3200 0
432 3148 476 3200 ΑΙ.
487 3150 544 3201 oiri.
559 3152 642 3203 tiron.
654 3152 725 3216 conj.
740 3152 862 3203 Vtra-t
877 3150 1004 3213 iissem
1020 3161 1169 3217 inspectum
1180 3154 1261 3205 hebet
1274 3154 1396 3205 nah-5
1414 3152 1466 3205 Po·

364 3213 418 3264 tine
429 3216 480 3279 leg.
492 3224 584 3268 censet
594 3219 703 3281 Rapert.
718 3219 891 3280 mmmmm,
900 3228 928 3268 nt
939 3232 997 3267 mox
1005 3219 1037 3267 od
1046 3219 1199 3282 imperatorer
1211 3221 1388 3270 Rerum-ti
1404 3218 1470 3272 Qni-

365 3279 425 3329 darn
436 3280 501 3331 Mo.
510 3295 564 3331 crae
575 3282 605 3331 c.
616 3281 736 3332 Punicis
746 3282 828 3332 hirii
837 3285 973 3344 regare-r
988 3284 1119 3334 Summam
1134 3284 1281 3335 immaniter
1295 3284 1468 3363 argentim.

363 3344 583 3462 gurm&
597 3344 744 3411 Ari-ime
754 3348 801 3397 rao
811 3348 888 3398 mittio
897 3348 1065 3413 uptaogistur
1077 3358 1105 3400 et
1113 3364 1184 3414 mox,
1195 3350 1469 3413 memoratio

863 3542 971 3595 NOTAE

397 3654 853 3722 'emmegiuertusimm
868 3674 895 3708 u·
934 3658 1009 3708 dunt.

362 3729 656 3796 gereniediciridetnr
673 3734 818 3797 proritent
836 3748 896 3798 pro·
967 3735 1057 3786 'Arri
1077 3736 1153 3799 pondo
1173 3735 1336 3801 emmeginto]
1352 3735 1469 3800 Exiguus

365 3808 470 3859 ducere.
509 3809 575 3859 Toto
597 3822 693 3874 nempe
719 3825 751 3861 eo
777 3817 896 3875 tempore
937 3810 963 3860 in
976 3812 1329 3862 tantanrbeaurinnmerns.
1362 3812 1471 3877 Angent

364 3897 422 3935 cnm
434 3890 517 3935 morte
527 3884 662 3935 eotincteti
674 3893 735 3936 runt
749 3885 776 3935 tri
788 3886 898 3951 Campe·
938 3888 1030 3937 mirum
1047 3887 1074 3938 in
1091 3887 1195 3937 modum
1207 3887 1269 3939 Pnt.
1279 3898 1307 3938 et
1318 3888 1417 3953 Regini
1428 3904 1471 3940 eo·

364 3961 391 4010 rrt
412 3968 557 4023 senatorer,
584 3960 616 4010 iis
633 3961 722 4020 serent
745 3964 761 4011 d
781 3960 897 4026 ingenie,
938 3961 1020 4026 dices,
1038 3960 1103 4013 Arri
1117 3964 1195 4027 pondo
1215 3965 1262 4013 dec
1280 3954 1470 4028 nititurque-

364 4038 449 4088 donee
459 4044 604 4088 extremum
616 4036 756 4088 redderent
766 4039 898 4102 spiritum.
936 4040 1023 4101 ginta:
1039 4052 1115 4105 quam
1126 4053 1251 4089 summam
1263 4045 1385 4093 1101000.
1397 4042 1471 4093 tibris

363 4114 415 4163 Sed
425 4128 487 4164 unm
498 4113 584 4178 potins
598 4111 625 4163 id
635 4114 701 4178 vnit,
711 4114 776 4164 aiios
790 4115 899 4165 ceterius
940 4116 1073 4167 Francieis
1083 4117 1150 4168 hund
1161 4118 1273 4169 absorde
1289 4120 1455 4174 estimemur.

256 4211 258 4214 ·
365 4196 393 4240 et
401 4198 477 4241 nnete
486 4189 625 4255 macanos
633 4189 731 4239 tardius
739 4199 769 4241 et
777 4192 898 4257 sequenti
969 4195 1257 4261 'Argentitn'snitiinJ
1272 4194 1471 4250 lidemeodiees

364 4265 419 4326 die,
440 4278 542 4315 veneno
563 4265 713 4317 anneus?
744 4266 825 4318 Certe
844 4270 898 4321 αἱ·
937 4270 1159 4336 nabent.trigiets
1177 4272 1255 4323 nitio
1269 4276 1347 4337 pondo
1364 4280 1389 4325 rt
1406 4276 1473 4327 nida

364 4354 508 4403 mum
517 4338 640 4391 dicontur
651 4342 758 4407 proprie
767 4345 812 4409 qut
824 4346 897 4410 expi-
935 4350 1057 4407 dmm,-
1081 4363 1139 4414 ane
1161 4356 1221 4401 runt
1242 4349 1318 4401 libre
1340 4360 1471 4405 ncrtntss

364 4426 434 4483 rent,
447 4428 494 4467 seu
505 4416 550 4483 qui
562 4417 685 4468 ultimum
701 4418 822 4484 spiritum
837 4420 896 4473 red·
937 4428 1059 4487 1000000.
1431 4437 1433 4445 ’
