3259 5225
396 567 485 634 22⁰6
842 582 876 632 u.
902 581 995 630 crvrr

440 727 497 792 21.
519 725 681 811 Ejusdem
697 725 831 792 sistatis
843 725 938 792 exitu
955 725 1006 792 M.
1022 723 1201 790 Marcellus
1215 744 1258 790 ex
1282 723 1404 792 Sicilia
1417 745 1491 810 prc-

397 828 603 896 vinciacum
619 827 664 895 ad
680 826 807 894 Urbem
819 828 979 907 venisset,
994 825 1066 893 aG.
1083 827 1267 914 Calpurnio
1282 836 1427 914 praetore
1441 851 1492 895 se·

397 940 500 998 uatus
511 933 545 998 ci
559 931 602 996 sd
616 931 725 997 cedem
742 931 892 996 Bellonae
913 929 1012 995 dutus
1024 936 1087 996 est.
1132 929 1276 996 ibicum
1299 929 1340 996 de
1354 933 1459 998 rebus
1473 952 1493 998 a

398 1053 437 1101 sc
460 1036 567 1120 gestis
588 1035 817 1109 disseruisset,
839 1041 981 1119 questus
1000 1035 1155 1100 leuiter¹¹
1179 1053 1247 1099 nou
1262 1053 1359 1100 suam
1376 1035 1493 1117 magis,

398 1157 500 1222 quam
514 1137 669 1216 militum,
688 1138 808 1216 uicem,
820 1137 909 1222 quod
934 1137 1108 1222 provincia
1128 1135 1284 1202 conlecta
1306 1137 1495 1202 exercitum

397 1239 574 1324 deportare
594 1238 839 1319 conuenisset,
854 1239 1051 1325 postulavit,
1072 1245 1110 1304 ut
1132 1239 1351 1323 triumphanti
1367 1237 1495 1304 Urbem

396 1341 481 1408 inire
495 1341 622 1408 liceret.
660 1340 702 1408 Id
712 1360 779 1406 uou
793 1342 993 1427 impetrauit.
1029 1339 1115 1406 Cum
1128 1340 1239 1406 multis
1254 1340 1365 1407 uerbis
1381 1349 1495 1406 sctum

397 1449 501 1522 esset,
516 1449 626 1510 utrum
641 1445 753 1510 miuus
767 1443 974 1522 conueniret,
989 1443 1086 1528 cujus
1109 1443 1243 1508 nomine
1267 1443 1436 1522 absentis,
1452 1444 1495 1508 ch

396 1565 452 1612 res
466 1566 626 1632 prospere
641 1549 746 1614 ductu
758 1547 834 1633 ejus
849 1553 971 1630 gestas,
983 1545 1189 1632 supplicatio
1199 1544 1333 1612 decreta
1346 1545 1448 1625 soret,
1463 1551 1495 1611 et

398 1649 478 1716 Diis
492 1649 737 1716 immortalibus
759 1649 896 1715 habitus
917 1649 1035 1728 boues,
1060 1648 1092 1714 ei
1115 1649 1275 1733 praesenti
1299 1669 1423 1733 negare
1438 1650 1496 1715 tri-

396 1752 581 1837 umphum3
602 1773 658 1828 an,
671 1773 771 1837 quem
795 1752 925 1818 tradere
944 1751 1130 1818 exercitum
1157 1753 1345 1817 successori
1366 1753 1496 1838 jussis·

398 1861 487 1932 seut,
506 1852 706 1940 (quodnisi
722 1860 877 1920 manente
892 1853 928 1917 iu
942 1853 1118 1936 provincia
1132 1852 1234 1930 bello,
1248 1869 1316 1918 nou
1335 1852 1497 1920 decerne·

396 1953 516 2042 retur,)
536 1976 613 2021 eum
632 1957 732 2041 quasi
754 1956 949 2023 debellator
970 1955 1185 2040 triumphare,
1210 1975 1286 2022 cum
1310 1958 1495 2038 exercitus,

397 2057 495 2124 testis
513 2059 621 2124 meriti
646 2067 746 2144 atque
767 2058 960 2124 immeriti¹⁸
982 2057 1153 2142 triumphi,
1169 2058 1321 2124 abesset:
1343 2059 1495 2125 medium

396 2161 520 2240 visum,
535 2169 575 2226 ut
594 2180 700 2226 crass
714 2159 842 2227 Urbem
857 2149 966 2226 iniret.
1008 2157 1149 2224 'lhihuui
1162 2159 1275 2243 plebis
1290 2179 1335 2225 ex
1349 2163 1496 2228 auctori-

397 2269 468 2328 tate
483 2271 621 2328 seuatus
636 2263 679 2328 ad
695 2264 859 2349 populum
875 2261 1026 2342 tulerunt,
1041 2269 1079 2327 ut
1101 2260 1152 2326 M.
1164 2260 1341 2342 Marcello,
1353 2283 1424 2347 quc
1439 2264 1495 2330 die

398 2363 525 2430 Urbem
540 2385 649 2431 cuens
662 2365 772 2444 iniret,
788 2365 966 2450 imperium
980 2371 1083 2430 esset.
1108 2362 1236 2442 Pridie,
1248 2385 1348 2449 quam
1364 2365 1496 2432 Urbem

396 2467 509 2549 iniret,
531 2469 568 2532 iu
592 2473 704 2533 moute
726 2467 883 2534 Albano·
905 2465 1133 2552 triumphavit.
1176 2464 1261 2532 lude
1276 2487 1386 2533 ovans
1409 2471 1498 2536 mul-

395 2577 467 2637 tam
490 2589 563 2657 pres
586 2591 625 2637 se
647 2571 798 2658 praedam
812 2571 847 2637 iu
870 2569 998 2637 Urbem
1022 2569 1144 2636 intulit·
1198 2568 1284 2637 Cum
1311 2571 1496 2639 simulacro

396 2680 576 2758 capturum
596 2674 839 2761 Syracusarum
855 2674 1038 2758 catapulta
1052 2672 1263 2758 ballistaque
1282 2681 1318 2741 et
1338 2675 1411 2741 alia
1425 2696 1496 2743 om·

394 2778 455 2843 uia
466 2778 683 2845 instrumenta
695 2778 775 2845 belli
788 2778 870 2858 lata,
885 2786 920 2844 et
933 2778 1029 2862 pacis
1042 2776 1207 2843 diutumae
1223 2777 1391 2862 regiaeque
1407 2798 1494 2865 cpu-

395 2878 511 2945 lentim
540 2888 746 2961 ornamenta,
776 2882 903 2965 argenti
932 2881 1078 2965 terisque
1113 2879 1292 2946 fabrefacti
1315 2878 1393 2959 vis,¹
1425 2882 1497 2949 alia

396 2984 550 3068 supellex
559 2992 583 3033 ¹³
607 2984 821 3070 pretiosaque
831 2985 937 3049 vestis
960 2990 994 3049 et
1011 2982 1115 3048 multa
1135 2983 1261 3049 nobilia
1275 2982 1400 3067 sigua,¹
1421 2987 1496 3072 qui·

393 3084 459 3150 hus
474 3087 558 3151 inter
571 3090 696 3171 primas
715 3086 862 3153 Groeciae
884 3088 982 3152 urbes
1006 3085 1185 3170 Syracusae
1205 3094 1330 3152 oruatm
1352 3088 1496 3155 luerunt

397 3184 537 3253 Punicas
559 3208 695 3273 quoque
720 3190 871 3256 victorias
897 3190 1050 3275 signum:
1082 3194 1159 3255 octo
1185 3188 1279 3255 ducti
1305 3188 1495 3275 elephanti.

396 3288 443 3355 Et
464 3306 531 3354 nou
553 3290 726 3358 minimum
750 3293 852 3359 luit¹⁴
872 3292 1103 3378 spectaculum
1127 3310 1202 3359 cum
1227 3294 1358 3361 corcuis
1382 3298 1496 3362 aureis

431 3796 460 3841 11
478 3790 531 3841 hle.
547 3792 648 3843 (serra
662 3794 755 3852 imita,
769 3794 838 3859 quod
856 3796 950 3846 rectius
964 3803 1042 3862 purat
1058 3799 1236 3862 Rupere-12
1251 3796 1277 3849 J.
1289 3796 1320 3848 F.
1331 3796 1418 3849 Grec.
1430 3802 1496 3865 conj.

396 3862 439 3907 eat
449 3858 636 3909 mli-lt
652 3856 801 3923 Ater-genti
817 3860 918 3927 arlepm
928 3860 1065 3923 subducta
1082 3877 1138 3913 eser
1152 3868 1176 3914 rt
1193 3864 1436 3929 &mpetu-14
1452 3867 1496 3917 stc

890 3984 996 4037 ΝΟΜ

429 4077 491 4127 ·1ιι
507 4084 586 4129 uate
605 4079 711 4145 Albane]
741 4082 800 4133 Nec
818 4082 926 4147 primur,
965 4083 1123 4135 eliretluere
1137 4098 1188 4133 nce
1203 4084 1303 4135 liceret.
1337 4084 1495 4151 Exemplum

396 4167 448 4205 aec
465 4157 570 4209 ultimus
587 4158 636 4211 hcc
652 4166 797 4211 commento
812 4176 873 4212 aeus
884 4170 925 4213 ert
962 4160 1071 4211 dederat
1088 4162 1118 4212 c.
1136 4162 1258 4223 Papirius
1276 4161 1374 4225 Μυος
1391 4172 1495 4216 secstm

396 4230 549 4295 utereenue,
568 4241 598 4285 ut
616 4243 710 4299 uegeta
727 4236 818 4287 aeae
834 4238 923 4287 trium·
963 4243 1005 4286 est
1015 4242 1107 4299 postea
1117 4238 1148 4287 L.
1159 4236 1275 4287 AEmilim
1287 4236 1394 4289 Paulus.

397 4305 459 4368 pbc,
470 4306 496 4356 la
507 4305 610 4358 Albaue
620 4316 715 4373 moute,
729 4312 839 4362 retentis
849 4318 924 4363 extra
996 4308 1159 4371 ‘rumara
1174 4314 1223 4379 eie]
1238 4314 1270 4363 lu
1286 4314 1366 4366 edith
1377 4316 1496 4382 scriptis·

396 4379 488 4431 arbem
505 4382 649 4447 ludguibcs
665 4386 768 4451 imperii
784 4402 923 4451 proccess-
964 4402 1016 4452 que
1027 4386 1145 4452 pluribus
1156 4388 1495 4455 mgatiaedeprresewee·

394 4456 467 4515 laris,
475 4457 663 4524 triumpharet,
677 4462 746 4528 qued
755 4464 825 4515 iutra
835 4465 923 4515 urbem
964 4470 1064 4518 usum.

395 4532 452 4584 siue
462 4539 695 4597 nummulis,
706 4547 751 4591 aut
766 4542 826 4607 lege
839 4542 924 4609 specl-
