3259 5225
487 601 560 649 nra.
583 602 679 651 xxv.
702 601 787 650 oar.
808 584 864 651 23.
1133 584 1223 651 2123

120 746 252 825 missae,
276 752 286 782 ‘
298 742 360 824 Ut,
374 746 470 832 prius
484 766 585 832 quam
601 746 793 813 clauderent
806 745 963 831 Capuam
978 747 1148 831 operibus,
1161 768 1223 832 po·

120 854 280 915 testatem
294 848 478 934 Campanis
492 851 650 926 facerent,
669 857 717 927 ut,
729 850 788 936 qui
805 869 919 914 eornm
934 849 1073 929 vellent,
1095 852 1223 917 exirent

122 952 168 1017 ab
183 950 314 1037 Capua,
328 971 478 1037 suasque
494 972 548 1017 res
560 972 675 1017 secum
687 952 865 1017 auferrent.
909 951 1048 1016 Liberos
1062 952 1133 1017 fore
1145 971 1221 1018 sua-

123 1074 191 1139 que
205 1054 321 1120 omnia
334 1054 518 1133 babituros,
528 1054 589 1140 qui
601 1060 676 1119 ante
689 1052 774 1119 Idus
789 1052 937 1119 Martias
948 1055 1112 1143 exissent.
1135 1054 1224 1121 Post

121 1176 198 1222 eam
224 1156 324 1236 diem,
338 1158 463 1243 quique
488 1160 653 1235 exissent,
668 1158 794 1241 quique
816 1156 866 1223 ibi
885 1156 1096 1237 mansissent,
1116 1156 1224 1223 hosti·

120 1278 180 1323 um
195 1260 328 1325 futuros
344 1258 505 1326 numero?
547 1260 601 1326 Ea
615 1260 832 1344 pronuntiata
846 1259 1042 1343 (lampenis,
1057 1266 1161 1345 atque
1175 1262 1225 1327 ita

123 1370 249 1447 spreta,
262 1367 300 1428 ut
315 1364 402 1429 ultro
415 1362 562 1429 dicerent
577 1362 800 1428 contumelias
815 1363 1095 1447 minarenturque.
1125 1364 1225 1431 Hau·

122 1464 217 1529 nibal
233 1467 278 1530 ab
300 1464 484 1531 Herdonea
505 1464 690 1531 Tarentum
716 1464 862 1532 duxerat
880 1468 1047 1549 legiones;
1070 1486 1142 1551 spe,
1167 1470 1225 1532 aut

122 1570 170 1647 ri,
185 1566 349 1647 aureolo,
365 1568 455 1634 areis
475 1566 669 1634 Tarentinae
685 1569 871 1653 potiundae.
915 1568 1017 1649 Quod
1032 1572 1092 1635 ubi
1107 1590 1225 1655 parum

122 1672 306 1754 processit,
321 1671 365 1737 ad
378 1672 594 1737 Brundisium
616 1671 714 1737 flexit
735 1672 808 1752 iter,
825 1672 924 1757 prodi
942 1673 978 1739 id
994 1672 1159 1758 oppidum
1173 1692 1227 1740 ra·
1338 1746 1341 1751 ,

122 1780 207 1838 tus·
260 1772 315 1839 Ibi
329 1794 464 1859 quoque
483 1795 562 1841 curu
576 1776 699 1841 frustra
713 1780 834 1840 tereret
849 1784 994 1859 ternpus,
1010 1775 1112 1858 legati
1127 1772 1227 1841 Cam·

122 1877 205 1960 paui
221 1876 358 1943 adeum
375 1885 552 1957 venerunt,
567 1885 743 1962 querentes
764 1878 864 1943 simul
881 1884 1093 1962 orantesque.
1138 1876 1226 1957 Qui·

121 1980 189 2043 bus
204 1978 381 2045 Hannibal
399 1980 576 2064 magnifice
594 1980 785 2065 respondit,
799 1990 835 2046 et
855 1988 952 2047 antea
970 1979 1116 2046 solvisse
1135 1980 1227 2045 obsi·

122 2082 270 2160 dionem,
280 2089 314 2149 et
324 2103 413 2149 nunc
428 2084 607 2150 adveutum
620 2103 718 2149 suom
731 2085 887 2150 consules
899 2104 963 2149 non
977 2083 1117 2151 laturos·
1140 2083 1227 2151 Cum

122 2184 190 2251 hac
206 2206 270 2270 spe
280 2187 414 2253 dimissi
427 2187 531 2271 legati
545 2188 603 2253 vix
619 2187 748 2271 regredi
761 2185 1006 2272 Gapuam,jam
1015 2185 1144 2271 duplici
1158 2186 1228 2253 fos·

124 2308 166 2355 sa
180 2290 338 2374 valloque
348 2290 507 2370 cinctam,
522 2296 716 2376 potuerunt.

167 2392 224 2457 23.
257 2391 345 2458 (lum
369 2394 515 2459 maxime
538 2393 663 2480 capua
685 2394 1003 2474 circumvallaretur,
1034 2392 1223 2477 Syracusa·

123 2502 238 2561 rum²⁰
259 2498 465 2581 oppugnatio
480 2497 524 2563 ad
536 2497 637 2562 tinem
653 2498 755 2575 veuit,
768 2501 992 2581 praeterquam
1006 2496 1041 2562 ri
1056 2514 1098 2562 ac
1110 2496 1229 2563 virtute

123 2598 223 2664 ducis
249 2602 498 2686 exercitusque,
534 2599 695 2666 intestina
736 2601 839 2666 etiam
879 2598 1068 2686 proditioue
1096 2597 1227 2684 adjuta.

123 2701 287 2786 Namque
311 2702 498 2769 Marcellus
520 2704 618 2770 initio
637 2703 725 2769 reris
746 2704 905 2780 incertus,
931 2709 1039 2768 utrum
1063 2701 1228 2785 Agrigen-

124 2812 196 2870 tum
213 2804 258 2870 ad
279 2804 507 2871 Himilconem
531 2810 567 2871 et
588 2805 830 2890 Hippocraten
857 2811 998 2872 verteret
1022 2805 1160 2882 bellum,
1184 2821 1229 2867 au
1364 2845 1366 2852 ,

124 2907 301 2974 obsidione
324 2907 516 2994 Syracusas
529 2914 703 2992 premeret,
719 2927 912 2993 quanquam
936 2927 998 2972 neo
1022 2907 1055 2972 ri
1080 2905 1157 2992 capi
1178 2905 1229 2969 ri·

124 3007 230 3074 debat
240 3029 341 3093 posse
362 3011 657 3096 inexpugnabilem
673 3011 819 3076 terrestri
834 3029 874 3074 ec
890 3009 1057 3075 maritimo
1081 3010 1148 3074 situ
1173 3027 1228 3072 ur·

123 3113 218 3191 bem,
237 3131 303 3177 nec
325 3114 427 3193 lame,
443 3134 542 3199 quarn
559 3121 688 3198 prope¹
709 3113 830 3178 liberiq
852 3114 895 3177 ab
912 3111 1113 3194 Cartbagine
1135 3129 1230 3176 com·

123 3219 259 3280 meatus
283 3215 420 3296 alerent,
448 3225 575 3296 tamen,
601 3215 747 3304 nequid
777 3217 990 3302 inexpertum
1017 3213 1227 3300 relinqueret,

123 3317 318 3401 transfugas
333 3318 564 3404 Syracusanos
577 3317 688 3406 (erant
701 3323 810 3384 autern
826 3317 917 3402 apud
931 3315 1111 3386 Romanos
1125 3315 1229 3399 aliqui
1271 3337 1276 3349 ·

158 3501 718 3569 ‘ripemusmatemtsu'titmdmtaa

579 3646 764 3668 venenum

159 3765 193 3812 20
211 3763 311 3827 Quoque
327 3763 428 3816 addent
438 3765 508 3816 ΕΜ.
521 3773 583 3818 aute
596 3767 758 3818 Gronau-l
776 3766 858 3816 ‘Duo
873 3765 974 3829 optimi,
990 3779 1034 3815 see
1044 3763 1112 3824 surus
1128 3775 1231 3826 usqam

120 3841 208 3892 m.
246 3829 347 3889 Scribe,
362 3845 405 3881 nee
420 3831 499 3896 sm,
517 3837 545 3881 st
564 3847 635 3897 quen
653 3846 734 3898 prope.
774 3832 853 3884 Valet
872 3830 982 3897 utpote!
1004 3831 1034 3879 J.
1046 3829 1077 3881 F.
1089 3829 1231 3878 Graeco.-

623 4011 730 4064 Nom

69 4123 77 4142 '
122 4123 260 4186 nimirum,
277 4136 361 4190 nque
380 4124 448 4174 eninr
468 4130 566 4191 prator
584 4125 659 4192 quic·
731 4121 1014 4190 sturapropelilm]
1038 4123 1230 4184 ernemlw

123 4213 206 4266 quarn
221 4199 351 4264 imperare
366 4202 458 4266 majori
470 4204 595 4267 potestati
612 4217 658 4267 pu·
698 4203 799 4254 orbern.
834 4202 985 4253 Exduobrrs
998 4198 1189 4262 manuscriptlr,
1204 4199 1230 4246 in

123 4281 207 4326 terat.
239 4275 394 4340 Suspicater
414 4280 562 4342 legendum,
580 4283 659 4330 lileroe
698 4280 793 4345 quibus
804 4287 855 4340 est,
865 4280 1089 4340 neesuruearrqaoru
1098 4289 1179 4339 prope,
1189 4275 1230 4336 lte·
1283 4331 1288 4338 ,

122 4369 140 4402 ι
154 4353 187 4402 Ρ.
199 4353 230 4402 C.
241 4369 257 4403 a
269 4353 302 4403 P.
315 4355 435 4417 Cornelia
443 4359 484 4420 ξε.
501 4365 527 4406 et
539 4357 629 4407 literas
644 4373 660 4406 u
699 4357 864 4408 scribendum
876 4364 965 4406 censet
975 4355 1091 4404 Gronov.
1102 4349 1230 4410 mseras,

123 4429 161 4478 P.
175 4429 327 4494 G.prnpter
341 4431 526 4491 repetltinuem
542 4433 659 4484 omissas.
699 4439 806 4498 atquem
815 4449 887 4499 prope
903 4431 983 4498 liberi,
999 4434 1041 4495 ξι.
1073 4429 1126 4480 Ubl
1140 4433 1168 4478 ut
1187 4441 1231 4478 ra·

123 4504 320 4570 Aliijudicent.
334 4509 364 4558 J.
380 4508 497 4559 clericus.
693 4511 738 4564 let
750 4517 853 4573 utpote.
