<?xml version="1.0" encoding="UTF-8"?>
<!DOCTYPE html PUBLIC "-//W3C//DTD XHTML 1.0 Transitional//EN"
    "http://www.w3.org/TR/xhtml1/DTD/xhtml1-transitional.dtd">
<html xmlns="http://www.w3.org/1999/xhtml" xml:lang="en" lang="en">
 <head>
  <title>
</title>
<meta http-equiv="Content-Type" content="text/html;charset=utf-8" />
  <meta name='ocr-system' content='tesseract 3.04.00' />
  <meta name='ocr-capabilities' content='ocr_page ocr_carea ocr_par ocr_line ocrx_word'/>
</head>
<body>
  <div class='ocr_page' id='page_1' title='image "./tliviipatavinih04rupegoog_0137.png"; bbox 0 0 3259 5225; ppageno 0'>
   <div class='ocr_carea' id='block_1_1' title="bbox 482 522 1222 618">
    <p class='ocr_par' dir='ltr' id='par_1_1' title="bbox 482 522 1222 618">
     <span class='ocr_line' id='line_1_1' title="bbox 482 522 1222 618; baseline 0.007 -5"><span class='ocrx_word' id='word_1_1' title='bbox 482 566 555 614; x_wconf 86' lang='lat' dir='ltr'><strong>nra.</strong></span> <span class='ocrx_word' id='word_1_2' title='bbox 577 565 692 614; x_wconf 78' lang='lat' dir='ltr'><strong>xxvi.</strong></span> <span class='ocrx_word' id='word_1_3' title='bbox 713 522 797 614; x_wconf 76' lang='lat' dir='ltr'><strong>car.</strong></span> <span class='ocrx_word' id='word_1_4' title='bbox 821 549 874 616; x_wconf 81' lang='lat' dir='ltr'><strong>rs.</strong></span> <span class='ocrx_word' id='word_1_5' title='bbox 1135 551 1222 618; x_wconf 76' lang='lat'><strong>2199</strong></span> 
     </span>
    </p>
   </div>
   <div class='ocr_carea' id='block_1_2' title="bbox 121 709 1229 2754">
    <p class='ocr_par' dir='ltr' id='par_1_2' title="bbox 121 709 1229 2754">
     <span class='ocr_line' id='line_1_2' title="bbox 124 709 1224 795; baseline 0.002 -18"><span class='ocrx_word' id='word_1_6' title='bbox 124 717 303 795; x_wconf 83' lang='lat' dir='ltr'><strong>acceptam</strong></span> <span class='ocrx_word' id='word_1_7' title='bbox 321 709 524 790; x_wconf 78' lang='lat' dir='ltr'><strong>deiecerant,</strong></span> <span class='ocrx_word' id='word_1_8' title='bbox 544 709 700 778; x_wconf 87' lang='lat' dir='ltr'><strong>redibant</strong></span> <span class='ocrx_word' id='word_1_9' title='bbox 713 709 758 776; x_wconf 88' lang='lat' dir='ltr'><strong>ad</strong></span> <span class='ocrx_word' id='word_1_10' title='bbox 778 711 967 790; x_wconf 83' lang='lat' dir='ltr'><strong>Romanos,</strong></span> <span class='ocrx_word' id='word_1_11' title='bbox 990 729 1054 777; x_wconf 91' lang='lat' dir='ltr'><strong>nec</strong></span> <span class='ocrx_word' id='word_1_12' title='bbox 1070 711 1128 778; x_wconf 91' lang='lat' dir='ltr'><strong>nili</strong></span> <span class='ocrx_word' id='word_1_13' title='bbox 1143 713 1224 780; x_wconf 86' lang='lat' dir='ltr'><strong>noui</strong></span> 
     </span>
     <span class='ocr_line' id='line_1_3' title="bbox 122 813 1224 900; baseline 0.005 -22"><span class='ocrx_word' id='word_1_14' title='bbox 122 813 334 880; x_wconf 79' lang='lat' dir='ltr'><strong>deficiebant.</strong></span> <span class='ocrx_word' id='word_1_15' title='bbox 377 813 422 879; x_wconf 81' lang='lat' dir='ltr'><strong>Et</strong></span> <span class='ocrx_word' id='word_1_16' title='bbox 443 813 564 880; x_wconf 70' lang='lat' dir='ltr'><strong>Rornae</strong></span> <span class='ocrx_word' id='word_1_17' title='bbox 585 813 714 880; x_wconf 88' lang='lat' dir='ltr'><strong>senatui</strong></span> <span class='ocrx_word' id='word_1_18' title='bbox 728 813 935 899; x_wconf 82' lang='lat' dir='ltr'><strong>populoque,</strong></span> <span class='ocrx_word' id='word_1_19' title='bbox 953 821 1036 898; x_wconf 87' lang='lat' dir='ltr'><strong>post</strong></span> <span class='ocrx_word' id='word_1_20' title='bbox 1055 823 1224 900; x_wconf 86' lang='lat' dir='ltr'><strong>receptam</strong></span> 
     </span>
     <span class='ocr_line' id='line_1_4' title="bbox 121 915 1224 1002; baseline 0.005 -21"><span class='ocrx_word' id='word_1_21' title='bbox 121 915 290 1001; x_wconf 73' lang='lat' dir='ltr'><strong>Capuam,</strong></span> <span class='ocrx_word' id='word_1_22' title='bbox 304 937 373 983; x_wconf 91' lang='lat' dir='ltr'><strong>non</strong></span> <span class='ocrx_word' id='word_1_23' title='bbox 383 917 496 984; x_wconf 76' lang='lat' dir='ltr'><strong>Italion</strong></span> <span class='ocrx_word' id='word_1_24' title='bbox 502 917 577 1002; x_wconf 85' lang='lat' dir='ltr'><strong>jam</strong></span> <span class='ocrx_word' id='word_1_25' title='bbox 590 916 711 1001; x_wconf 88' lang='lat' dir='ltr'><strong>major,</strong></span> <span class='ocrx_word' id='word_1_26' title='bbox 724 937 826 1001; x_wconf 87' lang='lat' dir='ltr'><strong>quam</strong></span> <span class='ocrx_word' id='word_1_27' title='bbox 837 915 1119 999; x_wconf 83' lang='lat' dir='ltr'><strong>Hispanioe,cura</strong></span> <span class='ocrx_word' id='word_1_28' title='bbox 1132 927 1224 987; x_wconf 83' lang='lat' dir='ltr'><strong>erat:</strong></span> 
     </span>
     <span class='ocr_line' id='line_1_5' title="bbox 124 1019 1224 1104; baseline 0.004 -19"><span class='ocrx_word' id='word_1_29' title='bbox 124 1027 160 1086; x_wconf 92' lang='lat' dir='ltr'><strong>et</strong></span> <span class='ocrx_word' id='word_1_30' title='bbox 178 1021 369 1087; x_wconf 84' lang='lat' dir='ltr'><strong>exercitum</strong></span> <span class='ocrx_word' id='word_1_31' title='bbox 383 1022 510 1104; x_wconf 72' lang='lat' dir='ltr'><strong>augeri,</strong></span> <span class='ocrx_word' id='word_1_32' title='bbox 531 1029 565 1087; x_wconf 88' lang='lat' dir='ltr'><strong>et</strong></span> <span class='ocrx_word' id='word_1_33' title='bbox 584 1021 817 1104; x_wconf 84' lang='lat' dir='ltr'><strong>imperatorem</strong></span> <span class='ocrx_word' id='word_1_34' title='bbox 832 1020 920 1085; x_wconf 88' lang='lat' dir='ltr'><strong>mitti</strong></span> <span class='ocrx_word' id='word_1_35' title='bbox 935 1019 1102 1102; x_wconf 74' lang='lat' dir='ltr'><strong>placebat.</strong></span> <span class='ocrx_word' id='word_1_36' title='bbox 1147 1021 1224 1089; x_wconf 90' lang='lat' dir='ltr'><strong>Nec</strong></span> 
     </span>
     <span class='ocr_line' id='line_1_6' title="bbox 125 1119 1225 1209; baseline 0.005 -22"><span class='ocrx_word' id='word_1_37' title='bbox 125 1131 250 1202; x_wconf 72' lang='lat' dir='ltr'><strong>minen,</strong></span> <span class='ocrx_word' id='word_1_38' title='bbox 271 1141 372 1209; x_wconf 90' lang='lat' dir='ltr'><strong>quem</strong></span> <span class='ocrx_word' id='word_1_39' title='bbox 397 1119 589 1203; x_wconf 71' lang='lat' dir='ltr'><strong>mitterent,k</strong></span> <span class='ocrx_word' id='word_1_40' title='bbox 610 1123 694 1188; x_wconf 85' lang='lat' dir='ltr'><strong>satis</strong></span> <span class='ocrx_word' id='word_1_41' title='bbox 714 1123 901 1201; x_wconf 72' lang='lat' dir='ltr'><strong>constabat,</strong></span> <span class='ocrx_word' id='word_1_42' title='bbox 916 1141 1014 1209; x_wconf 90' lang='lat' dir='ltr'><strong>quam</strong></span> <span class='ocrx_word' id='word_1_43' title='bbox 1033 1123 1144 1203; x_wconf 89' lang='lat' dir='ltr'><strong>illud,⁷</strong></span> <span class='ocrx_word' id='word_1_44' title='bbox 1166 1127 1225 1192; x_wconf 88' lang='lat' dir='ltr'><strong>ubl</strong></span> 
     </span>
     <span class='ocr_line' id='line_1_7' title="bbox 124 1226 1226 1316; baseline 0.001 -23"><span class='ocrx_word' id='word_1_45' title='bbox 124 1227 195 1293; x_wconf 92' lang='lat' dir='ltr'><strong>duo</strong></span> <span class='ocrx_word' id='word_1_46' title='bbox 216 1228 340 1293; x_wconf 86' lang='lat' dir='ltr'><strong>summi</strong></span> <span class='ocrx_word' id='word_1_47' title='bbox 360 1227 577 1313; x_wconf 88' lang='lat' dir='ltr'><strong>imperatores</strong></span> <span class='ocrx_word' id='word_1_48' title='bbox 596 1227 684 1292; x_wconf 87' lang='lat' dir='ltr'><strong>intra</strong></span> <span class='ocrx_word' id='word_1_49' title='bbox 699 1226 771 1291; x_wconf 88' lang='lat' dir='ltr'><strong>dies</strong></span> <span class='ocrx_word' id='word_1_50' title='bbox 784 1227 921 1310; x_wconf 83' lang='lat' dir='ltr'><strong>triginta</strong></span> <span class='ocrx_word' id='word_1_51' title='bbox 934 1227 1145 1308; x_wconf 80' lang='lat' dir='ltr'><strong>cecidissent,</strong></span> <span class='ocrx_word' id='word_1_52' title='bbox 1166 1230 1226 1316; x_wconf 92' lang='lat' dir='ltr'><strong>qui</strong></span> 
     </span>
     <span class='ocr_line' id='line_1_8' title="bbox 124 1327 1224 1417; baseline 0.001 -22"><span class='ocrx_word' id='word_1_53' title='bbox 124 1327 288 1396; x_wconf 84' lang='lat' dir='ltr'><strong>inlocum</strong></span> <span class='ocrx_word' id='word_1_54' title='bbox 306 1330 447 1396; x_wconf 90' lang='lat' dir='ltr'><strong>duorum</strong></span> <span class='ocrx_word' id='word_1_55' title='bbox 463 1329 679 1407; x_wconf 83' lang='lat' dir='ltr'><strong>succederet,</strong></span> <span class='ocrx_word' id='word_1_56' title='bbox 697 1328 962 1395; x_wconf 74' lang='lat' dir='ltr'><strong>exuaordiuaria</strong></span> <span class='ocrx_word' id='word_1_57' title='bbox 979 1349 1061 1396; x_wconf 83' lang='lat' dir='ltr'><strong>cura</strong></span> <span class='ocrx_word' id='word_1_58' title='bbox 1072 1331 1224 1417; x_wconf 79' lang='lat' dir='ltr'><strong>delegen-</strong></span> 
     </span>
     <span class='ocr_line' id='line_1_9' title="bbox 125 1433 1226 1518; baseline 0.004 -20"><span class='ocrx_word' id='word_1_59' title='bbox 125 1433 210 1500; x_wconf 90' lang='lat' dir='ltr'><strong>dum</strong></span> <span class='ocrx_word' id='word_1_60' title='bbox 225 1454 313 1500; x_wconf 83' lang='lat' dir='ltr'><strong>esse.</strong></span> <span class='ocrx_word' id='word_1_61' title='bbox 358 1434 445 1500; x_wconf 82' lang='lat' dir='ltr'><strong>Cum</strong></span> <span class='ocrx_word' id='word_1_62' title='bbox 466 1435 525 1499; x_wconf 88' lang='lat' dir='ltr'><strong>alii</strong></span> <span class='ocrx_word' id='word_1_63' title='bbox 541 1434 642 1498; x_wconf 88' lang='lat' dir='ltr'><strong>alium</strong></span> <span class='ocrx_word' id='word_1_64' title='bbox 657 1433 876 1512; x_wconf 77' lang='lat' dir='ltr'><strong>nominarent,</strong></span> <span class='ocrx_word' id='word_1_65' title='bbox 895 1440 1098 1518; x_wconf 84' lang='lat' dir='ltr'><strong>postremum</strong></span> <span class='ocrx_word' id='word_1_66' title='bbox 1112 1455 1153 1502; x_wconf 89' lang='lat' dir='ltr'><strong>eo</strong></span> <span class='ocrx_word' id='word_1_67' title='bbox 1169 1437 1226 1502; x_wconf 88' lang='lat' dir='ltr'><strong>de·</strong></span> 
     </span>
     <span class='ocr_line' id='line_1_10' title="bbox 125 1535 1226 1622; baseline 0.002 -20"><span class='ocrx_word' id='word_1_68' title='bbox 125 1556 262 1602; x_wconf 86' lang='lat' dir='ltr'><strong>cursum</strong></span> <span class='ocrx_word' id='word_1_69' title='bbox 284 1542 347 1617; x_wconf 84' lang='lat' dir='ltr'><strong>est,</strong></span> <span class='ocrx_word' id='word_1_70' title='bbox 369 1537 568 1622; x_wconf 86' lang='lat' dir='ltr'><strong>utpopulua</strong></span> <span class='ocrx_word' id='word_1_71' title='bbox 583 1535 782 1622; x_wconf 84' lang='lat' dir='ltr'><strong>proconsuli</strong></span> <span class='ocrx_word' id='word_1_72' title='bbox 803 1537 948 1602; x_wconf 88' lang='lat' dir='ltr'><strong>creando</strong></span> <span class='ocrx_word' id='word_1_73' title='bbox 970 1537 1006 1602; x_wconf 91' lang='lat' dir='ltr'><strong>in</strong></span> <span class='ocrx_word' id='word_1_74' title='bbox 1022 1537 1226 1622; x_wconf 76' lang='lat' dir='ltr'><strong>Hispaniam</strong></span> 
     </span>
     <span class='ocr_line' id='line_1_11' title="bbox 125 1637 1226 1723; baseline 0.001 -20"><span class='ocrx_word' id='word_1_75' title='bbox 125 1639 268 1704; x_wconf 88' lang='lat' dir='ltr'><strong>comitia</strong></span> <span class='ocrx_word' id='word_1_76' title='bbox 299 1639 456 1719; x_wconf 83' lang='lat' dir='ltr'><strong>haberet3</strong></span> <span class='ocrx_word' id='word_1_77' title='bbox 492 1639 652 1723; x_wconf 82' lang='lat' dir='ltr'><strong>diemque</strong></span> <span class='ocrx_word' id='word_1_78' title='bbox 682 1637 830 1703; x_wconf 90' lang='lat' dir='ltr'><strong>comitiis</strong></span> <span class='ocrx_word' id='word_1_79' title='bbox 859 1638 1013 1704; x_wconf 87' lang='lat' dir='ltr'><strong>consules</strong></span> <span class='ocrx_word' id='word_1_80' title='bbox 1040 1639 1226 1708; x_wconf 85' lang='lat' dir='ltr'><strong>edixerunt.</strong></span> 
     </span>
     <span class='ocr_line' id='line_1_12' title="bbox 125 1738 1225 1828; baseline 0.005 -23"><span class='ocrx_word' id='word_1_81' title='bbox 125 1739 245 1806; x_wconf 90' lang='lat' dir='ltr'><strong>Primo</strong></span> <span class='ocrx_word' id='word_1_82' title='bbox 265 1747 537 1826; x_wconf 81' lang='lat' dir='ltr'><strong>expectaverant,</strong></span> <span class='ocrx_word' id='word_1_83' title='bbox 558 1751 608 1817; x_wconf 90' lang='lat' dir='ltr'><strong>ut,</strong></span> <span class='ocrx_word' id='word_1_84' title='bbox 625 1743 684 1826; x_wconf 89' lang='lat' dir='ltr'><strong>qni</strong></span> <span class='ocrx_word' id='word_1_85' title='bbox 698 1760 736 1806; x_wconf 87' lang='lat' dir='ltr'><strong>so</strong></span> <span class='ocrx_word' id='word_1_86' title='bbox 749 1744 846 1806; x_wconf 85' lang='lat' dir='ltr'><strong>tauto</strong></span> <span class='ocrx_word' id='word_1_87' title='bbox 859 1741 1001 1826; x_wconf 88' lang='lat' dir='ltr'><strong>imperio</strong></span> <span class='ocrx_word' id='word_1_88' title='bbox 1021 1738 1139 1828; x_wconf 82' lang='lat' dir='ltr'><strong>dignos</strong></span> <span class='ocrx_word' id='word_1_89' title='bbox 1155 1764 1225 1810; x_wconf 88' lang='lat' dir='ltr'><strong>cre·</strong></span> 
     </span>
     <span class='ocr_line' id='line_1_13' title="bbox 126 1840 1226 1930; baseline 0.005 -23"><span class='ocrx_word' id='word_1_90' title='bbox 126 1843 258 1922; x_wconf 87' lang='lat' dir='ltr'><strong>dorent,</strong></span> <span class='ocrx_word' id='word_1_91' title='bbox 278 1845 416 1910; x_wconf 90' lang='lat' dir='ltr'><strong>nomina</strong></span> <span class='ocrx_word' id='word_1_92' title='bbox 436 1843 676 1929; x_wconf 81' lang='lat' dir='ltr'><strong>profiterentur.</strong></span> <span class='ocrx_word' id='word_1_93' title='bbox 721 1840 811 1922; x_wconf 74' lang='lat' dir='ltr'><strong>Quae</strong></span> <span class='ocrx_word' id='word_1_94' title='bbox 835 1851 874 1907; x_wconf 91' lang='lat' dir='ltr'><strong>ut</strong></span> <span class='ocrx_word' id='word_1_95' title='bbox 887 1841 1052 1910; x_wconf 87' lang='lat' dir='ltr'><strong>destituta</strong></span> <span class='ocrx_word' id='word_1_96' title='bbox 1066 1853 1226 1930; x_wconf 84' lang='lat' dir='ltr'><strong>expecta·</strong></span> 
     </span>
     <span class='ocr_line' id='line_1_14' title="bbox 126 1945 1225 2034; baseline 0.004 -24"><span class='ocrx_word' id='word_1_97' title='bbox 126 1945 178 2011; x_wconf 87' lang='lat' dir='ltr'><strong>tio</strong></span> <span class='ocrx_word' id='word_1_98' title='bbox 201 1951 267 2018; x_wconf 88' lang='lat' dir='ltr'><strong>est,</strong></span> <span class='ocrx_word' id='word_1_99' title='bbox 285 1947 530 2030; x_wconf 76' lang='lat' dir='ltr'><strong>redintegratus</strong></span> <span class='ocrx_word' id='word_1_100' title='bbox 545 1948 655 2012; x_wconf 87' lang='lat' dir='ltr'><strong>luctus</strong></span> <span class='ocrx_word' id='word_1_101' title='bbox 669 1953 825 2030; x_wconf 80' lang='lat' dir='ltr'><strong>acceptoe</strong></span> <span class='ocrx_word' id='word_1_102' title='bbox 838 1945 947 2010; x_wconf 90' lang='lat' dir='ltr'><strong>cladis</strong></span> <span class='ocrx_word' id='word_1_103' title='bbox 962 1946 1225 2034; x_wconf 80' lang='lat' dir='ltr'><strong>desideriumque</strong></span> 
     </span>
     <span class='ocr_line' id='line_1_15' title="bbox 125 2047 1227 2136; baseline 0.003 -24"><span class='ocrx_word' id='word_1_104' title='bbox 125 2049 366 2132; x_wconf 87' lang='lat' dir='ltr'><strong>imperatorum</strong></span> <span class='ocrx_word' id='word_1_105' title='bbox 395 2051 605 2116; x_wconf 88' lang='lat' dir='ltr'><strong>amissorum.</strong></span> <span class='ocrx_word' id='word_1_106' title='bbox 659 2047 790 2115; x_wconf 85' lang='lat' dir='ltr'><strong>Moesta</strong></span> <span class='ocrx_word' id='word_1_107' title='bbox 814 2049 930 2132; x_wconf 85' lang='lat' dir='ltr'><strong>itaque</strong></span> <span class='ocrx_word' id='word_1_108' title='bbox 960 2051 1091 2130; x_wconf 84' lang='lat' dir='ltr'><strong>civitas,</strong></span> <span class='ocrx_word' id='word_1_109' title='bbox 1119 2070 1227 2136; x_wconf 83' lang='lat' dir='ltr'><strong>prope</strong></span> 
     </span>
     <span class='ocr_line' id='line_1_16' title="bbox 126 2151 1227 2238; baseline 0.002 -22"><span class='ocrx_word' id='word_1_110' title='bbox 126 2151 230 2238; x_wconf 88' lang='lat' dir='ltr'><strong>inops</strong></span> <span class='ocrx_word' id='word_1_111' title='bbox 244 2152 389 2233; x_wconf 87' lang='lat' dir='ltr'><strong>consilii,</strong></span> <span class='ocrx_word' id='word_1_112' title='bbox 412 2153 625 2218; x_wconf 87' lang='lat' dir='ltr'><strong>comitiorum</strong></span> <span class='ocrx_word' id='word_1_113' title='bbox 647 2151 703 2216; x_wconf 90' lang='lat' dir='ltr'><strong>die</strong></span> <span class='ocrx_word' id='word_1_114' title='bbox 721 2153 834 2216; x_wconf 84' lang='lat' dir='ltr'><strong>tamen</strong></span> <span class='ocrx_word' id='word_1_115' title='bbox 855 2151 889 2214; x_wconf 93' lang='lat' dir='ltr'><strong>in</strong></span> <span class='ocrx_word' id='word_1_116' title='bbox 911 2171 1064 2237; x_wconf 88' lang='lat' dir='ltr'><strong>campum</strong></span> <span class='ocrx_word' id='word_1_117' title='bbox 1089 2154 1227 2220; x_wconf 87' lang='lat' dir='ltr'><strong>descen-</strong></span> 
     </span>
     <span class='ocr_line' id='line_1_17' title="bbox 126 2251 1228 2345; baseline 0.001 -25"><span class='ocrx_word' id='word_1_118' title='bbox 126 2253 201 2336; x_wconf 81' lang='lat' dir='ltr'><strong>dit3</strong></span> <span class='ocrx_word' id='word_1_119' title='bbox 223 2259 326 2340; x_wconf 88' lang='lat' dir='ltr'><strong>atquc</strong></span> <span class='ocrx_word' id='word_1_120' title='bbox 348 2255 385 2320; x_wconf 92' lang='lat' dir='ltr'><strong>in</strong></span> <span class='ocrx_word' id='word_1_121' title='bbox 398 2257 615 2345; x_wconf 79' lang='lat' dir='ltr'><strong>magistratus</strong></span> <span class='ocrx_word' id='word_1_122' title='bbox 632 2252 720 2318; x_wconf 79' lang='lat' dir='ltr'><strong>uersi</strong></span> <span class='ocrx_word' id='word_1_123' title='bbox 740 2251 1022 2338; x_wconf 85' lang='lat' dir='ltr'><strong>circumspectant</strong></span> <span class='ocrx_word' id='word_1_124' title='bbox 1036 2273 1097 2320; x_wconf 86' lang='lat' dir='ltr'><strong>ore</strong></span> <span class='ocrx_word' id='word_1_125' title='bbox 1108 2256 1228 2341; x_wconf 89' lang='lat' dir='ltr'><strong>princi·</strong></span> 
     </span>
     <span class='ocr_line' id='line_1_18' title="bbox 125 2353 1228 2442; baseline 0.003 -21"><span class='ocrx_word' id='word_1_126' title='bbox 125 2357 378 2441; x_wconf 67' lang='lat' dir='ltr'><strong>pameliorum</strong></span> <span class='ocrx_word' id='word_1_127' title='bbox 395 2360 480 2424; x_wconf 88' lang='lat' dir='ltr'><strong>alios</strong></span> <span class='ocrx_word' id='word_1_128' title='bbox 499 2357 711 2436; x_wconf 87' lang='lat' dir='ltr'><strong>intuentium,</strong></span> <span class='ocrx_word' id='word_1_129' title='bbox 726 2353 949 2440; x_wconf 78' lang='lat' dir='ltr'><strong>tremuntque,</strong></span> <span class='ocrx_word' id='word_1_130' title='bbox 974 2357 1058 2423; x_wconf 88' lang='lat' dir='ltr'><strong>adeo</strong></span> <span class='ocrx_word' id='word_1_131' title='bbox 1081 2357 1228 2442; x_wconf 86' lang='lat' dir='ltr'><strong>perditas</strong></span> 
     </span>
     <span class='ocr_line' id='line_1_19' title="bbox 125 2459 1229 2547; baseline 0 -23"><span class='ocrx_word' id='word_1_132' title='bbox 125 2479 186 2524; x_wconf 84' lang='lat' dir='ltr'><strong>res</strong></span> <span class='ocrx_word' id='word_1_133' title='bbox 211 2461 495 2547; x_wconf 88' lang='lat' dir='ltr'><strong>desperatumque</strong></span> <span class='ocrx_word' id='word_1_134' title='bbox 515 2460 558 2527; x_wconf 90' lang='lat' dir='ltr'><strong>de</strong></span> <span class='ocrx_word' id='word_1_135' title='bbox 578 2459 768 2546; x_wconf 88' lang='lat' dir='ltr'><strong>republica</strong></span> <span class='ocrx_word' id='word_1_136' title='bbox 786 2477 874 2535; x_wconf 85' lang='lat' dir='ltr'><strong>ease,</strong></span> <span class='ocrx_word' id='word_1_137' title='bbox 890 2467 927 2524; x_wconf 88' lang='lat' dir='ltr'><strong>nt</strong></span> <span class='ocrx_word' id='word_1_138' title='bbox 942 2479 1040 2525; x_wconf 89' lang='lat' dir='ltr'><strong>nemo</strong></span> <span class='ocrx_word' id='word_1_139' title='bbox 1055 2461 1178 2526; x_wconf 87' lang='lat' dir='ltr'><strong>audeat</strong></span> <span class='ocrx_word' id='word_1_140' title='bbox 1192 2461 1229 2525; x_wconf 94' lang='lat' dir='ltr'><strong>in</strong></span> 
     </span>
     <span class='ocr_line' id='line_1_20' title="bbox 125 2560 1229 2650; baseline -0.001 -23"><span class='ocrx_word' id='word_1_141' title='bbox 125 2560 338 2647; x_wconf 76' lang='lat' dir='ltr'><strong>Hispaniam</strong></span> <span class='ocrx_word' id='word_1_142' title='bbox 351 2565 526 2650; x_wconf 88' lang='lat' dir='ltr'><strong>imperium</strong></span> <span class='ocrx_word' id='word_1_143' title='bbox 541 2563 695 2649; x_wconf 87' lang='lat' dir='ltr'><strong>accipere</strong></span> <span class='ocrx_word' id='word_1_144' title='bbox 706 2565 738 2642; x_wconf 79' lang='lat'><strong>3⁸</strong></span> <span class='ocrx_word' id='word_1_145' title='bbox 760 2578 838 2625; x_wconf 89' lang='lat' dir='ltr'><strong>cum</strong></span> <span class='ocrx_word' id='word_1_146' title='bbox 851 2563 965 2629; x_wconf 88' lang='lat' dir='ltr'><strong>subito</strong></span> <span class='ocrx_word' id='word_1_147' title='bbox 981 2563 1025 2629; x_wconf 91' lang='lat' dir='ltr'><strong>P.</strong></span> <span class='ocrx_word' id='word_1_148' title='bbox 1038 2563 1229 2641; x_wconf 85' lang='lat' dir='ltr'><strong>Cornelius,</strong></span> 
     </span>
     <span class='ocr_line' id='line_1_21' title="bbox 126 2661 1228 2754; baseline 0 -23"><span class='ocrx_word' id='word_1_149' title='bbox 126 2664 251 2745; x_wconf 85' lang='lat' dir='ltr'><strong>illius,⁹</strong></span> <span class='ocrx_word' id='word_1_150' title='bbox 263 2668 324 2751; x_wconf 89' lang='lat' dir='ltr'><strong>qui</strong></span> <span class='ocrx_word' id='word_1_151' title='bbox 340 2668 374 2733; x_wconf 86' lang='lat' dir='ltr'><strong>iu</strong></span> <span class='ocrx_word' id='word_1_152' title='bbox 388 2667 560 2754; x_wconf 86' lang='lat' dir='ltr'><strong>Hispania</strong></span> <span class='ocrx_word' id='word_1_153' title='bbox 580 2664 758 2743; x_wconf 84' lang='lat' dir='ltr'><strong>ceciderat,</strong></span> <span class='ocrx_word' id='word_1_154' title='bbox 777 2661 879 2743; x_wconf 87' lang='lat' dir='ltr'><strong>iilius,</strong></span> <span class='ocrx_word' id='word_1_155' title='bbox 894 2674 1036 2751; x_wconf 90' lang='lat' dir='ltr'><strong>quatuor</strong></span> <span class='ocrx_word' id='word_1_156' title='bbox 1055 2672 1090 2733; x_wconf 90' lang='lat' dir='ltr'><strong>et</strong></span> <span class='ocrx_word' id='word_1_157' title='bbox 1110 2666 1228 2751; x_wconf 78' lang='lat' dir='ltr'><strong>viginti</strong></span> 
     </span>
    </p>
   </div>
   <div class='ocr_carea' id='block_1_3' title="bbox 589 2850 772 2875">
    <p class='ocr_par' dir='ltr' id='par_1_3' title="bbox 589 2850 772 2875">
     <span class='ocr_line' id='line_1_22' title="bbox 589 2850 772 2875; baseline 0.011 -2"><span class='ocrx_word' id='word_1_158' title='bbox 589 2850 772 2875; x_wconf 61' lang='lat' dir='ltr'><em>m</em></span> 
     </span>
    </p>
   </div>
   <div class='ocr_carea' id='block_1_4' title="bbox 128 2966 1236 4077">
    <p class='ocr_par' dir='ltr' id='par_1_4' title="bbox 128 2966 1234 3561">
     <span class='ocr_line' id='line_1_23' title="bbox 162 2966 1231 3040; baseline -0.002 -23"><span class='ocrx_word' id='word_1_159' title='bbox 162 2971 178 3017; x_wconf 75' lang='grc'><em>1</em></span> <span class='ocrx_word' id='word_1_160' title='bbox 194 2966 362 3031; x_wconf 57' lang='lat' dir='ltr'><strong>‘Nectum</strong></span> <span class='ocrx_word' id='word_1_161' title='bbox 373 2968 653 3037; x_wconf 59' lang='lat' dir='ltr'><strong>mutauerant&amp;</strong></span> <span class='ocrx_word' id='word_1_162' title='bbox 663 2974 796 3040; x_wconf 68' lang='lat' dir='ltr'><strong>mint,</strong></span> <span class='ocrx_word' id='word_1_163' title='bbox 813 2986 893 3039; x_wconf 66' lang='lat' dir='ltr'><strong>m,</strong></span> <span class='ocrx_word' id='word_1_164' title='bbox 904 2975 944 3032; x_wconf 87' lang='lat' dir='ltr'><strong>ut,</strong></span> <span class='ocrx_word' id='word_1_165' title='bbox 954 2968 1030 3023; x_wconf 80' lang='lat' dir='ltr'><strong>sicut.</strong></span> <span class='ocrx_word' id='word_1_166' title='bbox 1041 2966 1111 3027; x_wconf 82' lang='lat' dir='ltr'><strong>iliad,</strong></span> <span class='ocrx_word' id='word_1_167' title='bbox 1125 2971 1178 3016; x_wconf 83' lang='lat' dir='ltr'><strong>cet.</strong></span> <span class='ocrx_word' id='word_1_168' title='bbox 1189 2966 1231 3015; x_wconf 84' lang='lat' dir='ltr'><strong>rel</strong></span> 
     </span>
     <span class='ocr_line' id='line_1_24' title="bbox 130 3033 1231 3103; baseline -0.001 -22"><span class='ocrx_word' id='word_1_169' title='bbox 130 3044 193 3083; x_wconf 86' lang='lat' dir='ltr'><strong>aute</strong></span> <span class='ocrx_word' id='word_1_170' title='bbox 204 3033 266 3082; x_wconf 80' lang='lat' dir='ltr'><strong>actia</strong></span> <span class='ocrx_word' id='word_1_171' title='bbox 276 3034 362 3097; x_wconf 78' lang='lat' dir='ltr'><strong>suppl·</strong></span> <span class='ocrx_word' id='word_1_172' title='bbox 372 3041 441 3083; x_wconf 79' lang='lat' dir='ltr'><strong>tarnr</strong></span> <span class='ocrx_word' id='word_1_173' title='bbox 456 3035 507 3083; x_wconf 83' lang='lat' dir='ltr'><strong>nial</strong></span> <span class='ocrx_word' id='word_1_174' title='bbox 518 3049 565 3097; x_wconf 87' lang='lat' dir='ltr'><strong>pro</strong></span> <span class='ocrx_word' id='word_1_175' title='bbox 577 3041 656 3086; x_wconf 75' lang='lat' dir='ltr'><strong>tamea</strong></span> <span class='ocrx_word' id='word_1_176' title='bbox 667 3038 717 3103; x_wconf 72' lang='lat' dir='ltr'><strong>leg.</strong></span> <span class='ocrx_word' id='word_1_177' title='bbox 729 3045 779 3089; x_wconf 81' lang='lat' dir='ltr'><strong>taor</strong></span> <span class='ocrx_word' id='word_1_178' title='bbox 789 3053 849 3089; x_wconf 83' lang='lat' dir='ltr'><strong>cunr</strong></span> <span class='ocrx_word' id='word_1_179' title='bbox 861 3037 943 3089; x_wconf 84' lang='lat' dir='ltr'><strong>Grou.</strong></span> <span class='ocrx_word' id='word_1_180' title='bbox 955 3034 996 3083; x_wconf 80' lang='lat' dir='ltr'><strong>vel</strong></span> <span class='ocrx_word' id='word_1_181' title='bbox 1015 3037 1092 3082; x_wconf 67' lang='lat' dir='ltr'><strong>marea</strong></span> <span class='ocrx_word' id='word_1_182' title='bbox 1108 3037 1158 3081; x_wconf 82' lang='lat' dir='ltr'><strong>tura</strong></span> <span class='ocrx_word' id='word_1_183' title='bbox 1172 3044 1231 3080; x_wconf 85' lang='lat' dir='ltr'><strong>cunr</strong></span> 
     </span>
     <span class='ocr_line' id='line_1_25' title="bbox 129 3094 1233 3177; baseline -0.004 -28"><span class='ocrx_word' id='word_1_184' title='bbox 129 3100 246 3158; x_wconf 84' lang='lat' dir='ltr'><strong>Bauero,</strong></span> <span class='ocrx_word' id='word_1_185' title='bbox 258 3098 302 3161; x_wconf 88' lang='lat' dir='ltr'><strong>qni</strong></span> <span class='ocrx_word' id='word_1_186' title='bbox 313 3106 385 3148; x_wconf 85' lang='lat' dir='ltr'><strong>recta</strong></span> <span class='ocrx_word' id='word_1_187' title='bbox 397 3098 534 3177; x_wconf 64' lang='lat' dir='ltr'><strong>monet7rl</strong></span> <span class='ocrx_word' id='word_1_188' title='bbox 544 3105 622 3151; x_wconf 71' lang='lat' dir='ltr'><strong>tanea</strong></span> <span class='ocrx_word' id='word_1_189' title='bbox 634 3102 677 3151; x_wconf 82' lang='lat' dir='ltr'><strong>via</strong></span> <span class='ocrx_word' id='word_1_190' title='bbox 690 3104 833 3154; x_wconf 79' lang='lat' dir='ltr'><strong>desiderari</strong></span> <span class='ocrx_word' id='word_1_191' title='bbox 846 3099 940 3167; x_wconf 68' lang='lat' dir='ltr'><strong>posse!</strong></span> <span class='ocrx_word' id='word_1_192' title='bbox 956 3100 1106 3161; x_wconf 72' lang='lat' dir='ltr'><strong>liutpert-8</strong></span> <span class='ocrx_word' id='word_1_193' title='bbox 1122 3094 1130 3123; x_wconf 88' lang='lat'>‘</span> <span class='ocrx_word' id='word_1_194' title='bbox 1146 3096 1181 3147; x_wconf 84' lang='lat' dir='ltr'><strong>Ut</strong></span> <span class='ocrx_word' id='word_1_195' title='bbox 1191 3110 1233 3145; x_wconf 83' lang='lat' dir='ltr'><strong>aa·</strong></span> 
     </span>
     <span class='ocr_line' id='line_1_26' title="bbox 128 3160 1233 3237; baseline -0.005 -17"><span class='ocrx_word' id='word_1_196' title='bbox 128 3176 168 3212; x_wconf 70' lang='lat'><strong>⁸·</strong></span> <span class='ocrx_word' id='word_1_197' title='bbox 177 3163 266 3212; x_wconf 64' lang='lat' dir='ltr'><strong>“M</strong></span> <span class='ocrx_word' id='word_1_198' title='bbox 281 3163 309 3213; x_wconf 64' lang='grc' dir='ltr'><strong>τ’·</strong></span> <span class='ocrx_word' id='word_1_199' title='bbox 322 3163 359 3212; x_wconf 80' lang='grc' dir='ltr'><strong>Η“</strong></span> <span class='ocrx_word' id='word_1_200' title='bbox 423 3167 427 3176; x_wconf 96' lang='grc'><strong>’</strong></span> <span class='ocrx_word' id='word_1_201' title='bbox 481 3166 606 3229; x_wconf 62' lang='lat' dir='ltr'><strong>eamn</strong></span> <span class='ocrx_word' id='word_1_202' title='bbox 619 3169 733 3233; x_wconf 57' lang='lat' dir='ltr'><strong>mopere,</strong></span> <span class='ocrx_word' id='word_1_203' title='bbox 748 3178 779 3221; x_wconf 85' lang='lat' dir='ltr'><strong>ut</strong></span> <span class='ocrx_word' id='word_1_204' title='bbox 794 3168 872 3235; x_wconf 80' lang='lat' dir='ltr'><strong>paulo</strong></span> <span class='ocrx_word' id='word_1_205' title='bbox 883 3173 945 3217; x_wconf 89' lang='lat' dir='ltr'><strong>anta</strong></span> <span class='ocrx_word' id='word_1_206' title='bbox 953 3162 1086 3237; x_wconf 75' lang='lat' dir='ltr'><strong>pmcoanlt&#39;</strong></span> <span class='ocrx_word' id='word_1_207' title='bbox 1095 3160 1196 3237; x_wconf 59' lang='lat' dir='ltr'><strong>aanor</strong></span> <span class='ocrx_word' id='word_1_208' title='bbox 1206 3162 1233 3209; x_wconf 74' lang='lat' dir='ltr'><strong>in</strong></span> 
     </span>
     <span class='ocr_line' id='line_1_27' title="bbox 128 3224 1234 3305; baseline -0.003 -28"><span class='ocrx_word' id='word_1_209' title='bbox 128 3226 286 3291; x_wconf 69' lang='lat' dir='ltr'><strong>Hirpi-riu.</strong></span> <span class='ocrx_word' id='word_1_210' title='bbox 305 3228 332 3277; x_wconf 88' lang='lat' dir='ltr'><strong>a&#39;a</strong></span> <span class='ocrx_word' id='word_1_211' title='bbox 376 3229 495 3293; x_wconf 70' lang='grc' dir='ltr'><strong>ἱεραίω</strong></span> <span class='ocrx_word' id='word_1_212' title='bbox 510 3245 598 3281; x_wconf 74' lang='lat' dir='ltr'><strong>omae·</strong></span> <span class='ocrx_word' id='word_1_213' title='bbox 616 3232 682 3284; x_wconf 81' lang='lat' dir='ltr'><strong>Mar.</strong></span> <span class='ocrx_word' id='word_1_214' title='bbox 699 3242 798 3298; x_wconf 74' lang='lat' dir='ltr'><strong>prater</strong></span> <span class='ocrx_word' id='word_1_215' title='bbox 815 3235 878 3285; x_wconf 73' lang='lat' dir='ltr'><strong>Lot.</strong></span> <span class='ocrx_word' id='word_1_216' title='bbox 893 3236 919 3283; x_wconf 64' lang='grc' dir='ltr'><strong>Β.</strong></span> <span class='ocrx_word' id='word_1_217' title='bbox 935 3229 1044 3305; x_wconf 69' lang='grc' dir='ltr'><strong>οῑΕᾱό.Ι</strong></span> <span class='ocrx_word' id='word_1_218' title='bbox 1071 3240 1098 3275; x_wconf 86' lang='lat' dir='ltr'><strong>ra</strong></span> <span class='ocrx_word' id='word_1_219' title='bbox 1114 3224 1234 3305; x_wconf 71' lang='lat' dir='ltr'><strong>lirrpqata</strong></span> 
     </span>
     <span class='ocr_line' id='line_1_28' title="bbox 129 3292 1233 3367; baseline -0.005 -24"><span class='ocrx_word' id='word_1_220' title='bbox 129 3292 390 3343; x_wconf 67' lang='lat' dir='ltr'><strong>euandssroudnl.</strong></span> <span class='ocrx_word' id='word_1_221' title='bbox 401 3294 472 3344; x_wconf 84' lang='lat' dir='ltr'><strong>etad</strong></span> <span class='ocrx_word' id='word_1_222' title='bbox 485 3308 531 3345; x_wconf 83' lang='lat' dir='ltr'><strong>xa.</strong></span> <span class='ocrx_word' id='word_1_223' title='bbox 544 3298 585 3345; x_wconf 67' lang='lat' dir='ltr'><strong>it.</strong></span> <span class='ocrx_word' id='word_1_224' title='bbox 596 3304 665 3348; x_wconf 82' lang='lat' dir='ltr'><strong>extr.</strong></span> <span class='ocrx_word' id='word_1_225' title='bbox 675 3300 737 3364; x_wconf 87' lang='lat' dir='ltr'><strong>qnia</strong></span> <span class='ocrx_word' id='word_1_226' title='bbox 748 3300 884 3365; x_wconf 82' lang='lat' dir='ltr'><strong>imperium</strong></span> <span class='ocrx_word' id='word_1_227' title='bbox 893 3310 943 3347; x_wconf 87' lang='lat' dir='ltr'><strong>uon</strong></span> <span class='ocrx_word' id='word_1_228' title='bbox 951 3294 1028 3345; x_wconf 84' lang='lat' dir='ltr'><strong>detur</strong></span> <span class='ocrx_word' id='word_1_229' title='bbox 1038 3306 1064 3341; x_wconf 86' lang='lat' dir='ltr'><strong>ru</strong></span> <span class='ocrx_word' id='word_1_230' title='bbox 1076 3305 1233 3367; x_wconf 60' lang='lat' dir='ltr'><strong>provincias,</strong></span> 
     </span>
     <span class='ocr_line' id='line_1_29' title="bbox 130 3356 1234 3430; baseline -0.002 -23"><span class='ocrx_word' id='word_1_231' title='bbox 130 3356 177 3407; x_wconf 77' lang='lat' dir='ltr'><strong>aed</strong></span> <span class='ocrx_word' id='word_1_232' title='bbox 188 3358 216 3406; x_wconf 87' lang='lat' dir='ltr'><strong>iu</strong></span> <span class='ocrx_word' id='word_1_233' title='bbox 227 3358 357 3409; x_wconf 80' lang='lat' dir='ltr'><strong>exercitur</strong></span> <span class='ocrx_word' id='word_1_234' title='bbox 368 3360 394 3407; x_wconf 89' lang='lat' dir='ltr'><strong>in</strong></span> <span class='ocrx_word' id='word_1_235' title='bbox 406 3360 555 3423; x_wconf 77' lang='lat' dir='ltr'><strong>provinciis.</strong></span> <span class='ocrx_word' id='word_1_236' title='bbox 589 3360 632 3412; x_wconf 82' lang='lat' dir='ltr'><strong>cf.</strong></span> <span class='ocrx_word' id='word_1_237' title='bbox 643 3376 714 3415; x_wconf 85' lang='lat' dir='ltr'><strong>xxx.</strong></span> <span class='ocrx_word' id='word_1_238' title='bbox 724 3370 767 3417; x_wconf 79' lang='lat'><strong>41.</strong></span> <span class='ocrx_word' id='word_1_239' title='bbox 778 3380 818 3430; x_wconf 89' lang='lat' dir='ltr'><strong>pr.</strong></span> <span class='ocrx_word' id='word_1_240' title='bbox 829 3364 874 3414; x_wconf 88' lang='lat' dir='ltr'><strong>ubi</strong></span> <span class='ocrx_word' id='word_1_241' title='bbox 885 3362 989 3427; x_wconf 88' lang='lat' dir='ltr'><strong>quidam</strong></span> <span class='ocrx_word' id='word_1_242' title='bbox 1001 3357 1061 3409; x_wconf 87' lang='lat' dir='ltr'><strong>libri</strong></span> <span class='ocrx_word' id='word_1_243' title='bbox 1072 3356 1196 3406; x_wconf 79' lang='lat' dir='ltr'><strong>exhibant</strong></span> <span class='ocrx_word' id='word_1_244' title='bbox 1207 3370 1234 3405; x_wconf 83' lang='lat' dir='ltr'><strong>aa</strong></span> 
     </span>
     <span class='ocr_line' id='line_1_30' title="bbox 130 3420 1234 3493; baseline -0.002 -21"><span class='ocrx_word' id='word_1_245' title='bbox 130 3424 245 3483; x_wconf 69' lang='lat' dir='ltr'><strong>sama,</strong></span> <span class='ocrx_word' id='word_1_246' title='bbox 256 3431 284 3473; x_wconf 87' lang='lat' dir='ltr'><strong>et</strong></span> <span class='ocrx_word' id='word_1_247' title='bbox 294 3424 340 3473; x_wconf 87' lang='lat' dir='ltr'><strong>alii</strong></span> <span class='ocrx_word' id='word_1_248' title='bbox 350 3424 377 3471; x_wconf 87' lang='lat' dir='ltr'><strong>ta</strong></span> <span class='ocrx_word' id='word_1_249' title='bbox 390 3424 514 3474; x_wconf 63' lang='lat' dir='ltr'><strong>ficariam</strong></span> <span class='ocrx_word' id='word_1_250' title='bbox 520 3432 675 3489; x_wconf 68' lang='lat' dir='ltr'><strong>prmogntm</strong></span> <span class='ocrx_word' id='word_1_251' title='bbox 685 3428 809 3493; x_wconf 66' lang='lat' dir='ltr'><strong>impertae·</strong></span> <span class='ocrx_word' id='word_1_252' title='bbox 819 3434 865 3481; x_wconf 83' lang='lat' dir='ltr'><strong>ert.</strong></span> <span class='ocrx_word' id='word_1_253' title='bbox 904 3424 969 3477; x_wconf 84' lang='lat' dir='ltr'><strong>Mox</strong></span> <span class='ocrx_word' id='word_1_254' title='bbox 985 3425 1064 3475; x_wconf 84' lang='lat' dir='ltr'><strong>etiam</strong></span> <span class='ocrx_word' id='word_1_255' title='bbox 1076 3422 1110 3471; x_wconf 88' lang='lat' dir='ltr'><strong>P.</strong></span> <span class='ocrx_word' id='word_1_256' title='bbox 1126 3420 1234 3487; x_wconf 72' lang='lat' dir='ltr'><strong>Scipioni</strong></span> 
     </span>
     <span class='ocr_line' id='line_1_31' title="bbox 129 3486 1233 3561; baseline -0.003 -24"><span class='ocrx_word' id='word_1_257' title='bbox 129 3488 258 3551; x_wconf 56' lang='lat' dir='ltr'><strong>inperia*</strong></span> <span class='ocrx_word' id='word_1_258' title='bbox 267 3503 318 3539; x_wconf 78' lang='lat' dir='ltr'><strong>esar</strong></span> <span class='ocrx_word' id='word_1_259' title='bbox 327 3489 354 3539; x_wconf 85' lang='lat' dir='ltr'><strong>ia</strong></span> <span class='ocrx_word' id='word_1_260' title='bbox 364 3488 507 3553; x_wconf 67' lang='lat' dir='ltr'><strong>Hispaniam</strong></span> <span class='ocrx_word' id='word_1_261' title='bbox 517 3489 586 3542; x_wconf 81' lang='lat' dir='ltr'><strong>Edd.</strong></span> <span class='ocrx_word' id='word_1_262' title='bbox 594 3498 656 3542; x_wconf 88' lang='lat' dir='ltr'><strong>aute</strong></span> <span class='ocrx_word' id='word_1_263' title='bbox 667 3493 750 3545; x_wconf 81' lang='lat' dir='ltr'><strong>Grau.</strong></span> <span class='ocrx_word' id='word_1_264' title='bbox 760 3501 788 3545; x_wconf 87' lang='lat' dir='ltr'><strong>et</strong></span> <span class='ocrx_word' id='word_1_265' title='bbox 799 3492 905 3561; x_wconf 85' lang='lat' dir='ltr'><strong>qnidam</strong></span> <span class='ocrx_word' id='word_1_266' title='bbox 916 3492 983 3542; x_wconf 78' lang='lat' dir='ltr'><strong>Mra.</strong></span> <span class='ocrx_word' id='word_1_267' title='bbox 994 3486 1063 3555; x_wconf 80' lang='lat' dir='ltr'><strong>quod</strong></span> <span class='ocrx_word' id='word_1_268' title='bbox 1076 3488 1179 3536; x_wconf 87' lang='lat' dir='ltr'><strong>minime</strong></span> <span class='ocrx_word' id='word_1_269' title='bbox 1187 3487 1233 3534; x_wconf 85' lang='lat' dir='ltr'><strong>iru-</strong></span> 
     </span>
    </p>

    <p class='ocr_par' dir='ltr' id='par_1_5' title="bbox 128 3553 1236 4077">
     <span class='ocr_line' id='line_1_32' title="bbox 149 3553 1236 3616; baseline -0.006 -12"><span class='ocrx_word' id='word_1_270' title='bbox 149 3553 296 3604; x_wconf 84' lang='lat' dir='ltr'><strong>robandam</strong></span> <span class='ocrx_word' id='word_1_271' title='bbox 315 3554 452 3604; x_wconf 74' lang='lat' dir='ltr'><strong>videbatur</strong></span> <span class='ocrx_word' id='word_1_272' title='bbox 468 3556 581 3605; x_wconf 74' lang='lat' dir='ltr'><strong>Banasa.</strong></span> <span class='ocrx_word' id='word_1_273' title='bbox 605 3558 702 3609; x_wconf 79' lang='lat' dir='ltr'><strong>‘Ratio</strong></span> <span class='ocrx_word' id='word_1_274' title='bbox 716 3560 797 3610; x_wconf 83' lang='lat' dir='ltr'><strong>Gran.</strong></span> <span class='ocrx_word' id='word_1_275' title='bbox 809 3574 861 3609; x_wconf 89' lang='lat' dir='ltr'><strong>nou</strong></span> <span class='ocrx_word' id='word_1_276' title='bbox 876 3558 949 3608; x_wconf 88' lang='lat' dir='ltr'><strong>tirma</strong></span> <span class='ocrx_word' id='word_1_277' title='bbox 960 3562 1011 3605; x_wconf 88' lang='lat' dir='ltr'><strong>eat.</strong></span> <span class='ocrx_word' id='word_1_278' title='bbox 1053 3554 1165 3603; x_wconf 85' lang='lat' dir='ltr'><strong>Videtur</strong></span> <span class='ocrx_word' id='word_1_279' title='bbox 1175 3564 1236 3616; x_wconf 89' lang='lat' dir='ltr'><strong>pro·</strong></span> 
     </span>
     <span class='ocr_line' id='line_1_33' title="bbox 220 3616 1233 3689; baseline -0.004 -20"><span class='ocrx_word' id='word_1_280' title='bbox 220 3620 377 3669; x_wconf 74' lang='lat' dir='ltr'><strong>senteutiam</strong></span> <span class='ocrx_word' id='word_1_281' title='bbox 384 3620 473 3683; x_wconf 66' lang='lat' dir='ltr'><strong>Sigon.</strong></span> <span class='ocrx_word' id='word_1_282' title='bbox 482 3619 515 3670; x_wconf 83' lang='lat' dir='ltr'><strong>de</strong></span> <span class='ocrx_word' id='word_1_283' title='bbox 523 3621 593 3685; x_wconf 71' lang='lat' dir='ltr'><strong>lage</strong></span> <span class='ocrx_word' id='word_1_284' title='bbox 599 3622 661 3673; x_wconf 80' lang='lat' dir='ltr'><strong>Gar.</strong></span> <span class='ocrx_word' id='word_1_285' title='bbox 673 3638 697 3675; x_wconf 90' lang='lat' dir='ltr'><strong>c.</strong></span> <span class='ocrx_word' id='word_1_286' title='bbox 706 3628 732 3675; x_wconf 85' lang='lat' dir='ltr'><strong>s.</strong></span> <span class='ocrx_word' id='word_1_287' title='bbox 742 3628 768 3677; x_wconf 76' lang='lat'><strong>⁰.</strong></span> <span class='ocrx_word' id='word_1_288' title='bbox 778 3633 806 3676; x_wconf 88' lang='lat' dir='ltr'><strong>et</strong></span> <span class='ocrx_word' id='word_1_289' title='bbox 815 3632 885 3689; x_wconf 81' lang='lat' dir='ltr'><strong>post.</strong></span> <span class='ocrx_word' id='word_1_290' title='bbox 893 3622 990 3688; x_wconf 81' lang='lat' dir='ltr'><strong>dlapnt.</strong></span> <span class='ocrx_word' id='word_1_291' title='bbox 1000 3616 1058 3670; x_wconf 80' lang='lat' dir='ltr'><strong>adr.</strong></span> <span class='ocrx_word' id='word_1_292' title='bbox 1068 3616 1166 3668; x_wconf 83' lang='lat' dir='ltr'><strong>Grnclr.</strong></span> <span class='ocrx_word' id='word_1_293' title='bbox 1176 3630 1233 3679; x_wconf 87' lang='lat' dir='ltr'><strong>cap.</strong></span> 
     </span>
     <span class='ocr_line' id='line_1_34' title="bbox 132 3682 1234 3815; baseline -0.003 -16"><span class='ocrx_word' id='word_1_294' title='bbox 132 3687 270 3799; x_wconf 58' lang='lat' dir='ltr'><strong>{ialin</strong></span> <span class='ocrx_word' id='word_1_295' title='bbox 281 3683 1077 3815; x_wconf 58' lang='lat' dir='ltr'><strong>{trittt⁰ttlt‘·tl’t‘.ttltt:&#39;,ltilit‘ttl‘</strong></span> <span class='ocrx_word' id='word_1_296' title='bbox 1087 3682 1234 3797; x_wconf 50' lang='lat' dir='ltr'><strong>ditali</strong></span> 
     </span>
     <span class='ocr_line' id='line_1_35' title="bbox 133 3769 1235 3885; baseline -0.004 -22"><span class='ocrx_word' id='word_1_297' title='bbox 133 3813 286 3877; x_wconf 66' lang='lat' dir='ltr'><strong>nepem-o</strong></span> <span class='ocrx_word' id='word_1_298' title='bbox 302 3798 309 3843; x_wconf 53' lang='grc' dir='ltr'><em>ἕ</em></span> <span class='ocrx_word' id='word_1_299' title='bbox 321 3816 382 3865; x_wconf 79' lang='lat' dir='ltr'><strong>caan</strong></span> <span class='ocrx_word' id='word_1_300' title='bbox 391 3816 468 3865; x_wconf 75' lang='lat' dir='ltr'><strong>sabito</strong></span> <span class='ocrx_word' id='word_1_301' title='bbox 479 3816 511 3866; x_wconf 93' lang='lat' dir='ltr'><strong>P.</strong></span> <span class='ocrx_word' id='word_1_302' title='bbox 522 3818 656 3879; x_wconf 77' lang='lat' dir='ltr'><strong>Cornelias,</strong></span> <span class='ocrx_word' id='word_1_303' title='bbox 665 3788 739 3881; x_wconf 58' lang='lat' dir='ltr'><strong>aad,</strong></span> <span class='ocrx_word' id='word_1_304' title='bbox 747 3820 795 3885; x_wconf 90' lang='lat' dir='ltr'><strong>(P.</strong></span> <span class='ocrx_word' id='word_1_305' title='bbox 805 3769 920 3871; x_wconf 48' lang='lat' dir='ltr'><strong>”Cornelii</strong></span> <span class='ocrx_word' id='word_1_306' title='bbox 930 3812 1131 3881; x_wconf 59' lang='lat' dir='ltr'><strong>scipionisqqat</strong></span> <span class='ocrx_word' id='word_1_307' title='bbox 1138 3812 1166 3861; x_wconf 81' lang='lat' dir='ltr'><strong>ia</strong></span> <span class='ocrx_word' id='word_1_308' title='bbox 1174 3808 1235 3860; x_wconf 82' lang='lat' dir='ltr'><strong>Hia-</strong></span> 
     </span>
     <span class='ocr_line' id='line_1_36' title="bbox 128 3871 1233 3949; baseline -0.005 -20"><span class='ocrx_word' id='word_1_309' title='bbox 128 3879 206 3943; x_wconf 72' lang='lat' dir='ltr'><strong>put·</strong></span> <span class='ocrx_word' id='word_1_310' title='bbox 214 3878 349 3930; x_wconf 67' lang='lat' dir='ltr'><strong>midam.-</strong></span> <span class='ocrx_word' id='word_1_311' title='bbox 361 3895 410 3929; x_wconf 81' lang='lat' dir='ltr'><strong>rox</strong></span> <span class='ocrx_word' id='word_1_312' title='bbox 421 3882 486 3930; x_wconf 78' lang='lat' dir='ltr'><strong>illias</strong></span> <span class='ocrx_word' id='word_1_313' title='bbox 496 3880 570 3931; x_wconf 79' lang='lat' dir='ltr'><strong>abest</strong></span> <span class='ocrx_word' id='word_1_314' title='bbox 583 3896 598 3931; x_wconf 88' lang='lat' dir='ltr'><strong>a</strong></span> <span class='ocrx_word' id='word_1_315' title='bbox 609 3884 676 3933; x_wconf 71' lang='lat' dir='ltr'><strong>Mne.</strong></span> <span class='ocrx_word' id='word_1_316' title='bbox 688 3884 752 3935; x_wconf 87' lang='lat' dir='ltr'><strong>Put.</strong></span> <span class='ocrx_word' id='word_1_317' title='bbox 762 3884 830 3949; x_wconf 72' lang='lat' dir='ltr'><strong>Reg.</strong></span> <span class='ocrx_word' id='word_1_318' title='bbox 841 3883 966 3935; x_wconf 74' lang='lat' dir='ltr'><strong>Cantaba</strong></span> <span class='ocrx_word' id='word_1_319' title='bbox 977 3880 1045 3931; x_wconf 83' lang='lat' dir='ltr'><strong>unda</strong></span> <span class='ocrx_word' id='word_1_320' title='bbox 1055 3876 1139 3929; x_wconf 81' lang='lat' dir='ltr'><strong>Pallii</strong></span> <span class='ocrx_word' id='word_1_321' title='bbox 1149 3871 1233 3941; x_wconf 87' lang='lat' dir='ltr'><strong>(quod</strong></span> 
     </span>
     <span class='ocr_line' id='line_1_37' title="bbox 132 3941 1235 4015; baseline -0.006 -22"><span class='ocrx_word' id='word_1_322' title='bbox 132 3957 293 4005; x_wconf 62' lang='lat' dir='ltr'><strong>prenomen,</strong></span> <span class='ocrx_word' id='word_1_323' title='bbox 309 3960 361 3994; x_wconf 87' lang='lat' dir='ltr'><strong>uua</strong></span> <span class='ocrx_word' id='word_1_324' title='bbox 379 3947 455 3996; x_wconf 83' lang='lat' dir='ltr'><strong>litera</strong></span> <span class='ocrx_word' id='word_1_325' title='bbox 469 3955 596 4008; x_wconf 84' lang='lat' dir='ltr'><strong>notatum,</strong></span> <span class='ocrx_word' id='word_1_326' title='bbox 610 3946 688 3999; x_wconf 79' lang='lat' dir='ltr'><strong>facile</strong></span> <span class='ocrx_word' id='word_1_327' title='bbox 706 3950 792 3999; x_wconf 88' lang='lat' dir='ltr'><strong>omitti</strong></span> <span class='ocrx_word' id='word_1_328' title='bbox 811 3946 928 4015; x_wconf 85' lang='lat' dir='ltr'><strong>poterat)</strong></span> <span class='ocrx_word' id='word_1_329' title='bbox 944 3962 990 4009; x_wconf 86' lang='lat' dir='ltr'><strong>pro</strong></span> <span class='ocrx_word' id='word_1_330' title='bbox 1000 3946 1065 3995; x_wconf 77' lang='lat' dir='ltr'><strong>illias</strong></span> <span class='ocrx_word' id='word_1_331' title='bbox 1075 3941 1235 3992; x_wconf 82' lang='lat' dir='ltr'><strong>aubatltuera</strong></span> 
     </span>
     <span class='ocr_line' id='line_1_38' title="bbox 132 4004 1234 4077; baseline 0 -18"><span class='ocrx_word' id='word_1_332' title='bbox 132 4008 218 4060; x_wconf 78' lang='lat' dir='ltr'><strong>(lm.</strong></span> <span class='ocrx_word' id='word_1_333' title='bbox 228 4010 315 4061; x_wconf 79' lang='lat' dir='ltr'><strong>Drak.</strong></span> <span class='ocrx_word' id='word_1_334' title='bbox 325 4011 388 4063; x_wconf 78' lang='lat' dir='ltr'><strong>Bru.</strong></span> <span class='ocrx_word' id='word_1_335' title='bbox 404 4011 527 4076; x_wconf 65' lang='lat' dir='ltr'><strong>duconj.</strong></span> <span class='ocrx_word' id='word_1_336' title='bbox 536 4012 596 4064; x_wconf 73' lang='lat' dir='ltr'><strong>Jac-</strong></span> <span class='ocrx_word' id='word_1_337' title='bbox 602 4012 685 4064; x_wconf 80' lang='lat' dir='ltr'><strong>tlron.</strong></span> <span class='ocrx_word' id='word_1_338' title='bbox 693 4020 722 4065; x_wconf 92' lang='lat' dir='ltr'><strong>ut</strong></span> <span class='ocrx_word' id='word_1_339' title='bbox 730 4027 812 4067; x_wconf 78' lang='lat' dir='ltr'><strong>xxix.</strong></span> <span class='ocrx_word' id='word_1_340' title='bbox 823 4018 863 4068; x_wconf 73' lang='lat' dir='ltr'><strong>lt.</strong></span> <span class='ocrx_word' id='word_1_341' title='bbox 873 4014 920 4065; x_wconf 77' lang='lat'><strong>⁴1².</strong></span> <span class='ocrx_word' id='word_1_342' title='bbox 926 4011 1083 4077; x_wconf 79' lang='lat' dir='ltr'><strong>Scipionem,</strong></span> <span class='ocrx_word' id='word_1_343' title='bbox 1091 4009 1137 4058; x_wconf 85' lang='lat' dir='ltr'><strong>cu.</strong></span> <span class='ocrx_word' id='word_1_344' title='bbox 1143 4004 1234 4059; x_wconf 80' lang='lat' dir='ltr'><strong>filium.</strong></span> 
     </span>
    </p>
   </div>
   <div class='ocr_carea' id='block_1_5' title="bbox 630 4158 741 4213">
    <p class='ocr_par' dir='ltr' id='par_1_6' title="bbox 630 4158 741 4213">
     <span class='ocr_line' id='line_1_39' title="bbox 630 4158 741 4213; baseline 0.018 -2"><span class='ocrx_word' id='word_1_345' title='bbox 630 4158 741 4213; x_wconf 73' lang='lat' dir='ltr'>NOTAE</span> 
     </span>
    </p>
   </div>
   <div class='ocr_carea' id='block_1_6' title="bbox 134 4247 1237 4558">
    <p class='ocr_par' dir='ltr' id='par_1_7' title="bbox 134 4247 1237 4558">
     <span class='ocr_line' id='line_1_40' title="bbox 165 4247 1236 4322; baseline -0.022 1"><span class='ocrx_word' id='word_1_346' title='bbox 165 4253 251 4307; x_wconf 58' lang='lat' dir='ltr'><strong>&#39;‘N“</strong></span> <span class='ocrx_word' id='word_1_347' title='bbox 268 4259 357 4318; x_wconf 63' lang='lat' dir='ltr'><strong>‘Mn</strong></span> <span class='ocrx_word' id='word_1_348' title='bbox 373 4270 441 4321; x_wconf 73' lang='grc' dir='ltr'><strong>Μ·</strong></span> <span class='ocrx_word' id='word_1_349' title='bbox 459 4256 595 4321; x_wconf 67' lang='lat' dir='ltr'><strong>uiderat]</strong></span> <span class='ocrx_word' id='word_1_350' title='bbox 623 4256 667 4308; x_wconf 83' lang='lat' dir='ltr'><strong>Li·</strong></span> <span class='ocrx_word' id='word_1_351' title='bbox 708 4256 859 4322; x_wconf 79' lang='lat' dir='ltr'><strong>partientem</strong></span> <span class='ocrx_word' id='word_1_352' title='bbox 876 4269 960 4322; x_wconf 75' lang='lat' dir='ltr'><strong>qmur</strong></span> <span class='ocrx_word' id='word_1_353' title='bbox 976 4247 1236 4303; x_wconf 82' lang='lat' dir='ltr'><strong>etainocinticiorlu</strong></span> 
     </span>
     <span class='ocr_line' id='line_1_41' title="bbox 134 4326 1237 4399; baseline -0.022 2"><span class='ocrx_word' id='word_1_354' title='bbox 134 4332 230 4383; x_wconf 57' lang='grc' dir='ltr'><strong>ΜΝ</strong></span> <span class='ocrx_word' id='word_1_355' title='bbox 255 4346 305 4398; x_wconf 73' lang='grc' dir='ltr'><strong>Ρῐθ</strong></span> <span class='ocrx_word' id='word_1_356' title='bbox 332 4338 410 4385; x_wconf 66' lang='lat' dir='ltr'><strong>m</strong></span> <span class='ocrx_word' id='word_1_357' title='bbox 439 4333 588 4398; x_wconf 76' lang='lat' dir='ltr'><strong>scripserim</strong></span> <span class='ocrx_word' id='word_1_358' title='bbox 610 4338 668 4397; x_wconf 70' lang='lat' dir='ltr'><strong>tm,</strong></span> <span class='ocrx_word' id='word_1_359' title='bbox 706 4334 746 4386; x_wconf 80' lang='lat' dir='ltr'><strong>itia</strong></span> <span class='ocrx_word' id='word_1_360' title='bbox 763 4334 917 4399; x_wconf 87' lang='lat' dir='ltr'><strong>particulam</strong></span> <span class='ocrx_word' id='word_1_361' title='bbox 933 4336 992 4397; x_wconf 71' lang='lat' dir='ltr'><strong>tua,</strong></span> <span class='ocrx_word' id='word_1_362' title='bbox 1007 4336 1035 4379; x_wconf 87' lang='lat' dir='ltr'><strong>at</strong></span> <span class='ocrx_word' id='word_1_363' title='bbox 1053 4344 1069 4380; x_wconf 93' lang='lat' dir='ltr'><strong>a</strong></span> <span class='ocrx_word' id='word_1_364' title='bbox 1086 4326 1193 4385; x_wconf 81' lang='lat' dir='ltr'><strong>Nostro,</strong></span> <span class='ocrx_word' id='word_1_365' title='bbox 1209 4333 1237 4377; x_wconf 84' lang='lat' dir='ltr'><strong>et</strong></span> 
     </span>
     <span class='ocr_line' id='line_1_42' title="bbox 136 4402 1236 4477; baseline -0.003 -16"><span class='ocrx_word' id='word_1_366' title='bbox 136 4409 205 4474; x_wconf 84' lang='lat' dir='ltr'><strong>quod</strong></span> <span class='ocrx_word' id='word_1_367' title='bbox 238 4410 373 4462; x_wconf 82' lang='lat' dir='ltr'><strong>Gronovio</strong></span> <span class='ocrx_word' id='word_1_368' title='bbox 400 4426 452 4462; x_wconf 90' lang='lat' dir='ltr'><strong>non</strong></span> <span class='ocrx_word' id='word_1_369' title='bbox 479 4411 613 4476; x_wconf 80' lang='lat' dir='ltr'><strong>displicet,</strong></span> <span class='ocrx_word' id='word_1_370' title='bbox 638 4417 668 4461; x_wconf 83' lang='lat' dir='ltr'><strong>ut</strong></span> <span class='ocrx_word' id='word_1_371' title='bbox 708 4425 725 4460; x_wconf 89' lang='lat' dir='ltr'><strong>a</strong></span> <span class='ocrx_word' id='word_1_372' title='bbox 744 4410 836 4463; x_wconf 86' lang='lat' dir='ltr'><strong>&#39;l&#39;acito</strong></span> <span class='ocrx_word' id='word_1_373' title='bbox 860 4408 967 4477; x_wconf 83' lang='lat' dir='ltr'><strong>alliaque</strong></span> <span class='ocrx_word' id='word_1_374' title='bbox 994 4402 1134 4471; x_wconf 82' lang='lat' dir='ltr'><strong>aliquando</strong></span> <span class='ocrx_word' id='word_1_375' title='bbox 1154 4402 1236 4458; x_wconf 83' lang='lat' dir='ltr'><strong>nubti-</strong></span> 
     </span>
     <span class='ocr_line' id='line_1_43' title="bbox 137 4486 773 4558; baseline 0.002 -20"><span class='ocrx_word' id='word_1_376' title='bbox 137 4494 229 4553; x_wconf 81' lang='lat' dir='ltr'><strong>aparte</strong></span> <span class='ocrx_word' id='word_1_377' title='bbox 241 4486 371 4541; x_wconf 77' lang='lat' dir='ltr'><strong>reseratur</strong></span> <span class='ocrx_word' id='word_1_378' title='bbox 381 4486 414 4541; x_wconf 86' lang='lat' dir='ltr'><strong>ad</strong></span> <span class='ocrx_word' id='word_1_379' title='bbox 431 4489 543 4558; x_wconf 75' lang='lat' dir='ltr'><strong>proximi</strong></span> <span class='ocrx_word' id='word_1_380' title='bbox 557 4488 668 4542; x_wconf 83' lang='lat' dir='ltr'><strong>mambri</strong></span> <span class='ocrx_word' id='word_1_381' title='bbox 706 4486 773 4540; x_wconf 79' lang='lat' dir='ltr'><strong>teri.</strong></span> 
     </span>
    </p>
   </div>
   <div class='ocr_carea' id='block_1_7' title="bbox 0 0 1649 5225">
    <p class='ocr_par' dir='ltr' id='par_1_8' title="bbox 0 0 1649 5225">
     <span class='ocr_line' id='line_1_44' title="bbox 0 0 1649 5225; baseline 0 0"><span class='ocrx_word' id='word_1_382' title='bbox 0 0 1649 5225; x_wconf 95' lang='lat' dir='ltr'><strong> </strong></span> 
     </span>
    </p>
   </div>
  </div>
 </body>
</html>
