3259 5225
489 552 563 601 nin.
588 549 684 600 xxv.
705 551 788 602 cnr.
809 534 867 602 38.
1144 535 1229 602 2151

127 700 206 766 irrec
217 705 269 766 tot
282 702 352 764 tam
365 698 606 782 necopinata‚¹⁹
619 699 730 782 primo
743 699 892 764 omnium
906 697 1026 765 incerti
1041 703 1232 784 stupentes·

130 823 198 888 qne
211 801 357 869 referunt
370 802 510 887 pedem3
532 800 623 879 dein,
637 800 752 867 valida
764 801 984 885 impressione
1007 802 1110 887 pulsi,
1137 810 1232 888 terga

128 909 276 970 vertunt.
318 901 366 968 Et
379 905 438 968 aot
449 901 645 984 fugientium
659 904 771 968 cmdes
785 901 881 967 loeda
898 902 1029 982 fuisset,
1056 911 1116 971 eut
1129 911 1232 972 teme·

129 1005 242 1070 rarius
251 1013 280 1044 ⁸⁰
306 1004 588 1091 periculosusque
609 1005 816 1091 sequentium
838 1005 998 1090 impetus,
1023 1007 1057 1072 ni
1080 1007 1231 1074 Marcius

129 1127 277 1193 propere
291 1109 442 1194 receptui
460 1107 608 1174 dedisset
629 1108 773 1190 signum,
796 1107 1032 1194 obsistensque
1055 1107 1099 1173 ad
1123 1110 1232 1194 prime

132 1212 243 1295 signa,
259 1211 428 1298 quosdam
453 1213 583 1295 etipse
604 1210 762 1287 retinens,
787 1210 991 1276 concitatam
1011 1212 1233 1295 repressisset

132 1313 253 1379 aciem.
296 1313 382 1378 Inde
395 1314 432 1378 in
454 1319 565 1378 castra
585 1313 705 1378 avidos
718 1311 830 1378 adhuc
845 1311 1020 1398 caedisque
1044 1320 1079 1379 et
1097 1313 1233 1398 sangni-

131 1415 188 1480 nis
207 1414 353 1482 reduxit.
397 1413 703 1498 Carthaginienses,
726 1413 858 1499 trepide
884 1415 994 1499 primo
1017 1417 1061 1481 ab
1083 1416 1232 1484 hostium

133 1517 227 1584 vetto
241 1519 321 1596 acti,
335 1521 516 1602 postquam
538 1517 703 1584 nemiuem
722 1517 856 1602 insequi
868 1515 1034 1596 viderunt,
1047 1526 1137 1585 metu
1153 1521 1233 1586 sub·

133 1621 261 1686 stitisse
275 1623 349 1699 rati,
361 1621 556 1687 contemtim
569 1639 685 1686 rursus
700 1626 736 1687 et
749 1620 870 1687 sedato
882 1620 989 1704 gradu
1002 1621 1036 1686 iu
1051 1628 1161 1688 castra
1173 1623 1233 1688 ab·

133 1730 230 1788 eunt.
273 1722 344 1787 Par
357 1722 556 1807 negligentia
566 1723 604 1788 in
617 1723 737 1790 castris
758 1721 993 1788 custodiendis
1008 1723 1083 1788 luit.
1128 1724 1231 1804 Nam,

133 1828 203 1892 etsi
217 1827 425 1911 propinquus
439 1825 550 1891 hostis
564 1831 646 1905 erat,
658 1835 771 1892 tamen
789 1825 950 1910 reliquias
964 1845 1040 1890 eum
1054 1845 1131 1892 esse
1147 1827 1233 1893 duo-

133 1947 211 1994 rum
225 1929 431 1994 exercitnum
445 1936 523 1994 aute
537 1948 669 2013 paucos
692 1929 768 1995 dies
792 1928 978 1994 deletorum
1002 1930 1234 1994 succurrebat!

137 2030 195 2094 Ob
208 2031 273 2094 hoc
289 2049 366 2094 cum
380 2031 497 2095 omnia
508 2031 666 2114 neglecte
679 2029 771 2116 apud
780 2030 896 2096 hostes
907 2039 1034 2110 esseut,
1048 2030 1234 2115 exploratis

134 2133 192 2209 iis,
202 2130 359 2198 Marcius
371 2131 416 2197 ad
430 2134 622 2214 consilium,
635 2133 746 2219 prime
756 2133 874 2218 specie
889 2133 1100 2199 temerarium
1112 2134 1232 2218 magis,

136 2255 240 2321 quam
260 2234 384 2310 audax,
399 2235 545 2302 animum
567 2235 704 2321 adjecit,
718 2241 758 2302 ut
770 2237 857 2302 ultro
873 2242 985 2302 castra
1001 2235 1147 2300 hostium
1173 2255 1235 2322 op·

135 2345 320 2422 pugnaret:
342 2336 504 2402 sacilins¹
526 2357 605 2404 esse
613 2347 726 2417 ratus,
740 2339 842 2404 unius
864 2337 1093 2403 Hasdrubalis
1107 2355 1235 2422 expug-

135 2441 211 2505 nari
225 2448 346 2517 castra,
362 2459 475 2524 quam,
497 2441 528 2505 si
542 2460 580 2505 ee
593 2460 708 2506 rursus
721 2447 790 2506 tres
803 2440 973 2506 exercitus
987 2459 1028 2504 ac
1042 2444 1110 2506 tres
1130 2440 1234 2506 duces

133 2543 344 2629 junxissent,
358 2561 422 2608 sus
436 2540 591 2610 defendi:
621 2544 721 2610 mmul
735 2551 803 2618 aut,
819 2543 849 2608 si
864 2543 1086 2608 successisset
1100 2545 1234 2629 coeptis,

137 2652 373 2731 receptnrnm²
394 2665 432 2710 se
454 2646 596 2713 afflictas
615 2667 692 2730 τοις
720 2654 792 2727 aut,
813 2648 844 2712 si
865 2647 981 2730 pulsus
1001 2651 1103 2723 esset,
1125 2653 1234 2713 tamen

137 2748 230 2815 ultro
243 2748 420 2815 inferendo
434 2768 540 2828 erma,
554 2754 760 2816 contemtum
772 2750 828 2815 sui
842 2748 1045 2815 demturum.

181 2851 238 2917 38.
260 2850 317 2916 Ne
328 2858 440 2917 tamen
453 2853 565 2919 subita
579 2873 632 2919 res
652 2859 685 2919 et
697 2858 1015 2919 nocturnusterror³
1039 2852 1141 2919 etiarn
1164 2870 1235 2918 nen

137 2974 213 3021 suae
226 2954 369 3020 sortunae
383 2956 563 3020 consilium
577 2957 809 3041 perturbaret,⁰
822 2952 1042 3039 alloquendos
1058 2953 1237 3021 adhortan-

138 3059 271 3142 dosque
285 3056 349 3121 sibi
363 3056 488 3123 milites
509 3064 614 3137 ratus,
629 3060 791 3124 concione
806 3057 972 3123 advocata
985 3057 1036 3123 ita
1056 3055 1236 3123 disseruit:

138 3160 233 3227 ‘Vel
246 3178 321 3224 mea
334 3178 413 3242 erga
431 3160 649 3246 imperatores
671 3166 806 3226 nostros
822 3159 921 3225 vivos
940 3166 1154 3243 mortuosque
1165 3159 1253 3243 pie·

138 3272 210 3344 tas,
231 3262 285 3329 vel
307 3282 457 3347 praesens
477 3265 620 3330 omnium
640 3269 799 3342 nostrum,
824 3262 959 3342 milites,
981 3261 1112 3328 lortnrm
1135 3262 1238 3328 fidem

173 3458 186 3484 ·
203 3448 289 3503 ssu
296 3450 442 3516 mmm,
452 3447 560 3501 meto
572 3422 600 3496 's
611 3449 721 3496 meum.

599 3622 780 3646 nmmum

141 3732 311 3795 impote-lt
326 3728 368 3779 ΑΙ.
376 3728 431 3791 jos
445 3726 658 3791 mapsam-sc
673 3724 735 3773 Pur.
751 3719 898 3783 Petsviuul,
914 3720 988 3769 Men.
1006 3716 1057 3768 duo
1075 3715 1144 3766 Pell.
1160 3715 1239 3765 Voss.

34 3776 39 3785 ’
140 3803 186 3847 sat
196 3793 394 3846 emota—1
411 3793 491 3843 must
502 3790 604 3852 facilius
621 3788 689 3839 Edd.
705 3788 738 3837 ub
755 3787 863 3837 Arcens·
880 3786 913 3835 ad
929 3784 1063 3834 Uruk—2
1079 3782 1178 3833 ‘Forte
1188 3781 1241 3843 leg.

140 3868 276 3911 amaru
291 3874 349 3909 cum
367 3858 454 3908 Poris.
472 3866 518 3906 sut
539 3858 626 3919 potine
649 3853 793 3914 Μαίνῃ
808 3865 867 3901 curu
884 3850 957 3901 Dok.
975 3854 1003 3900 et
1022 3845 1114 3899 Drsk!
1137 3846 1241 3909 Repeti.

142 3927 299 3987 didm
309 3923 405 3989 probet
414 3922 493 3973 eum
504 3919 605 3972 Stroth.

635 4046 747 4100 ΝΟΊῈ

175 4164 189 4189 ·
206 4154 240 4203 Et
250 4154 465 4203 mmmmterror
479 4150 552 4199 etius
566 4161 613 4197 sorr
622 4162 673 4196 sua
712 4144 781 4196 senti
791 4142 904 4195 fortunae
913 4155 1002 4207 perum
1018 4138 1244 4201 convenientum

134 4234 246 4293 setina
256 4230 379 4281 meum
394 4224 558 4293 perturltmt]
573 4225 618 4276 lte
629 4238 672 4275 re·
713 4222 833 4274 turbaret
844 4220 989 4281 consilium,
998 4216 1151 4282 quodetiam
1160 4214 1244 4280 iprum

145 4319 227 4372 teres,
240 4308 307 4359 etin
324 4308 363 4357 hie
381 4306 448 4369 Beg.
461 4311 489 4354 et
507 4302 674 4367 colb.utsit,
714 4314 762 4366 per
779 4313 808 4348 se
828 4311 881 4347 non
896 4301 953 4345 erat
968 4292 1080 4343 fortune
1096 4290 1246 4356 praesentis.

144 4402 179 4437 oe
189 4397 218 4436 et
229 4384 316 4435 subita
327 4397 377 4445 rer,
387 4388 416 4433 et
424 4389 510 4432 terror
524 4379 604 4429 etiem
614 4392 675 4429 noc·
714 4376 775 4428 Vul.
786 4380 810 4427 et
821 4380 908 4439 emor,
919 4372 1045 4423 etium
1055 4366 1227 4429 masciano.

144 4472 247 4529 turnus,
265 4458 434 4527 perturbaret
452 4457 587 4510 consilium
609 4469 675 4521 pra·
