3259 5225
393 597 480 666 2818
862 615 896 665 r.
921 615 1015 666 orsu

394 759 512 844 copies
538 757 760 826 adducendas.
820 757 948 825 lisdem
970 759 1089 826 deindo
1114 761 1235 827 castris
1258 760 1489 841 tendebant,⁶'¹

395 861 503 926 donec
519 859 662 926 ducibus
678 861 720 925 iis
735 860 777 926 ad
792 862 925 927 hostem
940 871 1137 948 perventum
1152 870 1215 929 est.

436 963 490 1029 18.
513 963 694 1028 Proximus
715 963 1041 1049 Carthaginiensium
1066 968 1234 1032 exercitus
1260 966 1490 1032 Hasdrubalis

392 1085 500 1151 prope
520 1067 636 1130 urbem
658 1067 857 1133 Baeculam⁷
868 1077 977 1134 ¹erat.
1021 1069 1091 1135 Pro
1117 1071 1239 1134 castris
1253 1071 1402 1154 equitium
1422 1075 1489 1133 sta·

393 1170 503 1234 tiones
517 1169 673 1234 habebat.
717 1170 759 1234 In
775 1191 834 1235 eas
848 1171 968 1236 velites
981 1173 1258 1258 antesignanique
1269 1182 1304 1237 et
1316 1173 1375 1257 qui
1390 1171 1491 1256 primi

395 1271 541 1353 agminis
557 1281 660 1350 erant,
675 1271 892 1338 aduenientes
908 1293 953 1338 ex
976 1274 1104 1351 itinere,
1129 1275 1222 1358 prins
1244 1293 1345 1359 quam
1367 1273 1491 1338 castris

393 1373 505 1438 locum
521 1381 690 1458 caperent,
696 1374 781 1440 adeo
795 1379 983 1441 contemtim
996 1379 1155 1460 impetum
1170 1377 1376 1454 fecerunt,ut
1389 1375 1491 1440 facile

394 1483 578 1558 appareret,
595 1476 677 1560 quid
701 1477 835 1560 utrique
850 1479 939 1562 parti
961 1481 1148 1545 animorum
1163 1485 1267 1545 esset.
1311 1479 1354 1544 In
1376 1485 1492 1542 castra

394 1576 525 1661 trepida
534 1577 613 1661 iuga
624 1581 789 1665 compulsi
800 1582 929 1665 equites
942 1591 1031 1660 suut,
1044 1583 1205 1667 signaque
1217 1581 1372 1647 Romana
1383 1581 1491 1664 portis

392 1699 497 1763 prope
513 1680 597 1763 ipsis
609 1681 715 1746 illata.
759 1679 874 1768 Atque
889 1683 950 1748 illo
965 1685 1099 1768 quidem
1115 1685 1183 1763 die,
1204 1685 1341 1749 irritatis
1356 1689 1491 1747 tantum

395 1781 439 1846 ad
462 1789 626 1848 conamen
653 1785 785 1862 animis,
815 1793 930 1852 castra
960 1785 1107 1851 Romani
1137 1799 1332 1870 posuerunt.
1375 1785 1491 1850 Nocte

395 1881 591 1950 Hasdrubal
616 1887 652 1950 in
676 1888 840 1952 tumulum
869 1888 991 1972 copias
1013 1877 1156 1973 recipit?
1179 1889 1280 1974 plano
1302 1906 1426 1972 campo
1453 1886 1492 1951 in

849 2053 1031 2074 ”MNO

427 2149 507 2201 l‘lu
527 2151 615 2202 inultis
632 2153 696 2203 Mas.
717 2151 846 2203 Belaisca!
863 2155 1022 2218 Rupere-8
1045 2153 1077 2204 In
1095 2153 1164 2204 Edd.
1180 2160 1241 2204 ante
1262 2153 1345 2204 Gron.
1360 2152 1492 2216 sospite-

886 2333 992 2385 NOTAE

389 2493 392 2498 Ι
427 2427 672 2481 'Iisdesadeisdes's
686 2432 922 2496 coruscamine]
960 2433 1091 2494 negotium
1113 2430 1223 2482 facessit
1240 2431 1308 2497 quod
1326 2429 1394 2480 idem
1412 2429 1491 2495 Poly·

394 2506 475 2556 Gron.
487 2520 519 2555 cn
532 2505 594 2556 Pur.
606 2507 647 2557 cui
659 2517 784 2558 consonat
800 2509 923 2558 eoloris
959 2507 1016 2557 blus
1025 2508 1160 2559 Castnlooi
1174 2507 1286 2557 ricinum
1298 2504 1362 2555 t'scit
1372 2505 1442 2555 hooc
1454 2506 1491 2555 lo·

393 2583 616 2635 misericor.-
632 2585 701 2651 quud
718 2583 811 2635 fulcire
830 2586 923 2637 nititur
960 2599 1029 2643 coro,
1047 2587 1113 2649 sire,
1131 2592 1162 2637 nt
1179 2585 1237 2650 lpse
1256 2584 1379 2642 nominat,
1393 2588 1491 2633 Rosea·

394 2660 561 2720 atteteritate,
589 2668 644 2711 tum
673 2662 753 2725 ipsios
783 2664 849 2712 Livii
875 2663 922 2713 lib.
959 2666 1069 2714 nistret
1079 2663 1176 2714 Noster
1185 2677 1246 2713 mox
1258 2676 1316 2727 cap.
1325 2664 1367 2711 stt.
1378 2668 1492 2710 testatur

393 2748 503 2786 sxvrrr.
519 2734 683 2799 ubi,‘1.nrs
705 2738 865 2804 Celtiberos,
879 2754 922 2789 no·
960 2740 1051 2803 paucis
1069 2744 1130 2803 post
1142 2737 1258 2803 prelium
1275 2736 1373 2787 factum
1385 2736 1417 2785 sd
1430 2736 1492 2787 ne·

394 2826 454 2861 rum
465 2812 617 2871 exereitum,
638 2829 717 2879 sopra
734 2829 826 2865 noveru
842 2817 924 2866 suillis
961 2816 1045 2864 colen
1057 2814 1160 2876 diebus,
1178 2814 1339 2879 Scipionem,
1352 2827 1410 2863 curn
1422 2814 1492 2863 reoi-

393 2888 547 2949 homiuum,
565 2888 659 2939 dextra
682 2890 782 2941 Pooica
807 2892 923 2943 tenarez‘
961 2896 1003 2939 ret
1019 2890 1202 2946 Tarraconem,
1220 2890 1290 2940 saltu
1307 2887 1492 2940 Castulonensi

394 2962 440 3013 aed
463 2964 500 3014 ibl
521 2969 603 3014 lesere
631 2964 745 3017 refertur
761 2966 795 3016 sd
811 2968 878 3017 lara
897 2974 924 3018 et
961 2967 1122 3019 excessisset
1140 2966 1209 3016 unde
1223 2966 1296 3031 aequi
1313 2965 1419 3017 videtur
1430 2964 1492 3014 Bas·

394 3040 498 3103 dextra,
513 3042 632 3092 nimirum
643 3044 709 3093 locs.
742 3042 825 3094 Addit
839 3044 925 3096 Valsr.
961 3046 1045 3094 culam
1054 3058 1107 3095 non
1117 3043 1144 3093 in
1161 3042 1311 3107 Ausetanis,
1325 3042 1409 3093 sedin
1423 3041 1491 3093 Ore·

396 3118 516 3168 Flaccum
534 3132 568 3167 ex
578 3120 678 3182 scripto
688 3120 841 3176 Osoniensi,
854 3120 923 3184 apud
962 3123 1038 3179 tanis,
1058 3128 1130 3171 certe
1148 3121 1238 3185 procul
1257 3120 1291 3170 ab
1308 3118 1448 3170 Ausetanis
1463 3125 1492 3169 et

395 3208 481 3259 qoem,
492 3194 501 3222 ‘
508 3194 569 3243 binc
578 3196 644 3245 lasso
654 3196 777 3247 Telamon
786 3198 879 3262 pelago
887 3204 924 3248 te·
962 3197 1111 3247 Tarracone
1123 3194 1213 3247 fuisse.
1247 3194 1359 3246 Accedit
1370 3194 1439 3260 qnod
1455 3196 1493 3245 in·

394 3269 457 3320 net!
488 3270 539 3321 Sed
559 3272 595 3322 ibi
617 3272 695 3335 vulgo
718 3274 822 3337 legitur,
839 3277 925 3324 lousa
963 3274 1010 3323 itio
1026 3287 1087 3337 cap.
1100 3276 1140 3324 19.
1151 3272 1495 3334 dicitnrllasdrubal,cous·

390 3350 493 3414 pelagas
510 3354 584 3400 lesu.
616 3350 708 3400 Malim
726 3351 817 3415 itaque
834 3367 867 3401 ex
883 3367 924 3402 re·
963 3352 1041 3401 misso
1058 3349 1091 3400 ad
1113 3350 1245 3400 Baeculam
1271 3350 1372 3414 praello,
1393 3358 1492 3414 prater

395 3435 473 3492 cepta
498 3427 579 3491 magia
598 3428 728 3491 scriptura
744 3430 879 3492 tesdebcst,
897 3429 924 3480 ld
962 3428 1074 3492 Tagum,
1092 3426 1179 3492 quiin
1192 3425 1381 3477 Celtiberorum
1396 3423 1492 3474 finibus

395 3510 445 3565 est,
463 3502 611 3566 conjunctis
628 3517 686 3553 conr
699 3502 822 3568 Scipione
834 3504 926 3568 copiis,
963 3505 1058 3568 oritur,
1069 3514 1117 3567 par
1128 3501 1289 3564 Carpetanos
1297 3501 1374 3565 boga
1383 3500 1417 3550 ab
1427 3500 1493 3550 'l'ar-

394 3594 454 3629 cunr
477 3593 509 3629 eo
531 3588 617 3629 eastra
636 3579 811 3643 metabantur,
829 3582 884 3631 aire
897 3583 924 3631 iu
964 3596 1060 3631 racone
1068 3579 1173 3629 dissitos
1183 3576 1252 3629 ilnit.
1282 3578 1374 3629 Simile
1387 3579 1442 3628 seri
1455 3580 1493 3629 si·

395 3656 477 3721 ipsius
483 3657 578 3707 castris
586 3658 699 3707 tentoria
710 3656 850 3709 habebant.
964 3657 1042 3708 detur
1053 3658 1172 3721 prelium
1184 3656 1211 3705 iu
1226 3654 1432 3707 castellanorum
1451 3670 1494 3705 re·

428 3740 441 3766 ¹
458 3733 538 3797 Prope
550 3732 633 3783 scissa
643 3732 778 3797 Baecslcn]
792 3734 925 3784 Memora·
964 3736 1049 3799 plone,
1067 3735 1110 3784 cui
1129 3733 1209 3783 sicini
1221 3733 1357 3796 Ausetani,
1373 3736 1493 3783 comisia-

395 3818 438 3863 tur
450 3812 497 3863 hoo
508 3810 631 3877 oppidum
642 3812 811 3877 Polybln,qui
820 3812 926 3864 Mersa
962 3825 1018 3861 suan
1045 3809 1142 3870 fuisse3
1165 3823 1216 3859 nec
1234 3808 1424 3873 Castulonensi,
1446 3810 1492 3862 aed

395 3892 422 3941 io
435 3889 526 3953 plurali
539 3903 645 3939 nurnero
658 3895 743 3939 voest.
765 3888 925 3941 Ptolemaeus
963 3886 1153 3938 castetlsoeost
1172 3883 1237 3934 saltu
1255 3884 1404 3949 Scipionem
1424 3886 1494 3935 redi·

396 3965 616 4017 Antbetaoissire
624 3966 766 4017 Ausetanis
778 3966 880 4018 tribuit.
893 3968 924 4018 lu
962 3962 1211 4025 lase'l'arraconem3
1221 3962 1411 4012 Hasdrubalem
1423 3978 1496 4026 vero,

294 4042 300 4051 '
395 4042 463 4106 lieg.
475 4042 602 4108 editisque
615 4042 729 4107 pluribus
740 4042 864 4094 scribitur
874 4044 925 4095 Be·
962 4042 1006 4107 qui
1022 4042 1099 4107 paulo
1107 4042 1263 4090 antesietus
1281 4038 1426 4093 secuudum
1443 4040 1495 4089 Το-

394 4119 685 4184 tals,incolb.Bessla.
718 4118 925 4186 Uudeinsospi·
962 4134 1019 4168 cusu
1041 4134 1086 4169 seu
1111 4117 1210 4167 'liebior
1228 4114 1345 4176 durium,
1365 4115 1454 4181 (bodie
1470 4120 1494 4169 le

395 4194 496 4246 cionem
512 4196 588 4246 reolo
598 4210 655 4245 esur
674 4196 763 4247 orbem
775 4194 856 4248 foisse
867 4215 924 4265 qun
965 4194 1048 4259 Tot.)
1058 4197 1100 4259 qui
1117 4210 1148 4245 co
1163 4193 1392 4255 tractnoritor,ad
1408 4188 1494 4258 Pyr's·

395 4285 465 4321 nuuc
481 4272 569 4323 Bessis
580 4272 607 4321 in
620 4274 763 4323 catalonia
774 4280 859 4324 tractu
872 4292 924 4325 ero·
963 4287 1048 4323 naum
1067 4272 1256 4323 contenderet:
1283 4271 1383 4321 licium
1405 4282 1493 4322 aorem

397 4350 525 4412 puritano.
551 4350 634 4399 Favet
651 4350 824 4400 Hasdrubalis
840 4354 925 4402 consi·
963 4351 1084 4416 exemplo
1096 4350 1200 4416 Polybii
1212 4363 1261 4415 pro
1274 4348 1492 4401 duriolourinoris

396 4428 459 4476 lium
472 4425 504 4475 de
516 4426 627 4475 transitu
641 4425 667 4474 in
684 4426 795 4477 Galliam
808 4430 925 4492 cogitari·
963 4429 1073 4478 nominis
1084 4426 1216 4493 Teco,(ut
1232 4442 1247 4477 a
1261 4425 1349 4477 Plinio
1361 4426 1494 4493 vocatur,)

398 4506 440 4563 tis,
461 4502 529 4567 apud
547 4502 671 4553 Nostrum
699 4509 727 4553 et
747 4501 839 4569 Polyb.
872 4505 924 4556 Sed
963 4502 1494 4571 Tagunanbjeclssanotisainrunrtlurnsn.
