3259 5225
386 539 475 606 ecte
852 552 889 601 r.
912 552 1009 603 cren
1127 578 1131 587 -

388 697 553 783 compulsi
567 705 655 762 sunt
700 695 792 762 Nam
808 696 1093 782 superataque
1113 702 1271 762 terrorem
1293 695 1486 780 trepidatio·

387 818 530 885 nemque
554 801 711 878 tacerem,
735 800 904 884 elephanti
930 819 1065 884 quoqne
1087 800 1192 865 dno¹²
1225 801 1260 864 in
1285 799 1364 883 ipsa
1387 808 1489 882 poeta

389 910 589 982 corruerant,
611 903 789 984 coactique
811 906 906 966 eraut
928 901 1052 966 milites
1073 923 1135 986 per
1154 902 1283 968 fossam
1297 901 1489 986 vallumque

388 1027 485 1072 ruere
505 1009 539 1072 in
561 1011 683 1072 casua.
727 1003 783 1070 Ibi
805 1006 955 1070 maxima
975 1004 1121 1071 hostiurn
1133 1005 1249 1071 caedes
1264 1005 1373 1070 fecta:
1396 1023 1490 1069 caesa

389 1110 433 1174 ad
449 1117 528 1174 octo
542 1108 651 1174 millia
668 1108 854 1186 hominum,
870 1107 1023 1192 quinque
1040 1108 1222 1194 elephanti.
1267 1109 1345 1173 Nec
1360 1108 1489 1173 Roma·

388 1213 442 1278 nis
464 1213 635 1276 incruenta
650 1211 792 1276 uictoria
813 1211 890 1276 fnit.
934 1209 1035 1276 Mille
1047 1213 1152 1277 ferme
1174 1219 1210 1277 et
1229 1211 1432 1294 septingenti
1446 1209 1489 1274 de

389 1315 523 1380 duabus
547 1315 749 1397 legionibus,
769 1319 803 1379 et
826 1313 999 1378 sociorum
1023 1335 1127 1398 supra
1148 1315 1244 1380 mille
1266 1320 1300 1378 et
1319 1319 1490 1380 trecentos

388 1417 515 1482 occisi:
534 1418 699 1482 uulnerati
715 1416 871 1500 permulti
886 1417 1009 1481 civium
1024 1418 1271 1502 sociorumque.
1316 1416 1493 1481 Hannibal

387 1525 488 1586 nocta
512 1519 668 1604 proxima
692 1527 805 1585 caetra
822 1520 941 1584 movit.
986 1517 1332 1604 Cupienteminreqni
1345 1517 1492 1584 Marcel·

389 1624 459 1688 lum
475 1622 646 1706 prohibuit
659 1621 838 1688 multitudo
854 1622 1061 1688 sauciorum.

388 1760 390 1768 ,
432 1727 486 1791 15.
517 1724 768 1810 Speculatores,
792 1725 854 1810 qai
883 1733 1161 1809 prosequerentur
1171 1731 1196 1772 ¹¹
1227 1743 1358 1807 agmen,
1380 1723 1491 1801 missi,

389 1836 528 1912 postero
542 1828 597 1893 die
611 1827 811 1907 retulerunt,
832 1827 979 1894 Bruttios
1003 1827 1231 1892 Hannibalem
1253 1832 1380 1911 petere.
1424 1826 1491 1891 Iis·

389 1930 466 1996 dem
480 1930 548 1995 sare
559 1936 586 1978 ¹4
607 1929 729 1994 diebus
742 1935 778 1993 at
797 1929 841 1994 ad
866 1928 913 2010 Q.
938 1929 1096 1995 Fulvium
1111 1931 1287 1996 consulem
1302 1929 1441 2013 Hirpini
1455 1935 1492 1994 et

391 2032 521 2097 Lucani
534 2038 570 2096 et
582 2029 829 2111 Volcentes,¹⁵·
850 2032 983 2098 traditis
996 2033 1168 2118 praesidiis
1183 2033 1398 2113 Hannibalis,
1411 2051 1492 2118 quur

389 2136 423 2199 in
444 2133 581 2200 urbibus
603 2133 781 2214 habebant,
806 2134 1004 2202 dediderunt
1016 2150 1104 2216 sese,
1119 2137 1360 2219 clementerque
1373 2155 1396 2199 a
1408 2155 1492 2199 con·

390 2238 472 2314 sule,
495 2255 572 2301 curn
587 2239 765 2304 uerborum
781 2245 909 2303 tautum
932 2239 1155 2323 castigatione
1174 2240 1220 2303 ob
1242 2257 1383 2304 errorem
1403 2257 1492 2322 prae·

389 2340 536 2417 teritum,
558 2338 731 2424 accepti¹⁶
776 2340 821 2406 Et
844 2337 1009 2405 Bruttiis‘
1027 2340 1148 2405 similis
1169 2359 1248 2424 spes
1269 2341 1379 2404 veniae
1399 2340 1493 2405 iacta

390 2448 455 2518 est,
471 2461 548 2506 curn
564 2443 608 2508 ab
623 2445 667 2507 iis
682 2441 809 2510 Vibius
823 2449 857 2509 et
873 2442 1014 2508 Pactius
1026 2442 1155 2523 fratres,
1174 2444 1275 2526 longe
1288 2442 1492 2508 nobilissimi

389 2547 501 2628 gentis
518 2546 605 2631 ejus,
621 2546 773 2627 eandem,
787 2566 865 2631 qnae
880 2545 963 2611 data
986 2545 1134 2634 Lucanis
1159 2553 1243 2625 erat,
1263 2545 1492 2610 conditionem

390 2648 576 2715 deditionis
592 2658 746 2735 petentes
761 2652 942 2715 uenissent.
987 2648 1033 2730 Q.
1050 2650 1178 2715 Fabius
1192 2650 1313 2715 consul
1327 2647 1492 2732 oppidum

391 2754 426 2816 in
452 2752 645 2839 Sallentinis
655 2760 681 2803 ¹⁷
713 2754 952 2818 Manduriam⁸
982 2754 1017 2819 ui
1041 2753 1145 2837 cepit.
1197 2752 1251 2816 Ibi
1275 2752 1319 2817 ad
1344 2759 1494 2835 quatuor

390 2856 500 2921 millia
515 2856 686 2922 hominum
706 2861 810 2939 capta
825 2861 859 2920 et
873 2864 993 2920 ceterae
1006 2856 1131 2939 praedae
1147 2855 1363 2938 aliquantum.
1407 2852 1493 2919 Inda

391 2957 573 3022 Tarentum
588 2958 772 3041 prolectam,
795 2958 830 3021 in
844 2957 931 3041 ipsis
946 2956 1101 3023 saucibus
1116 2963 1234 3042 portus
1247 2957 1492 3041 pontecastro.

390 3059 427 3123 N
430 3080 522 3140 ares,
538 3080 623 3144 quas
643 3060 766 3126 Livius
781 3060 933 3125 tutandis
955 3062 1202 3130 commeatibus
1226 3061 1399 3140 babuerat,
1414 3076 1492 3144 per·

851 3241 1034 3264 ‘emenone

392 3378 424 3425 12
442 3373 511 3424 Ante
523 3372 605 3423 Gran.
615 3374 733 3438 elephanti
740 3375 805 3433 forte
816 3379 871 3427 dae.
905 3376 966 3427 Put.
976 3378 1138 3441 elephantipre
1147 3378 1201 3428 dae.

425 3443 456 3488 lt
473 3438 705 3501 &enumerante
717 3440 866 3492 (irem-ll
893 3442 963 3492 ‘Pro
966 3442 1024 3503 sere
1033 3446 1130 3493 recline
1142 3444 1167 3492 in
1179 3441 1333 3509 quibusdem
1344 3443 1410 3493 Mer.
1422 3444 1493 3509 apud

392 3503 478 3555 Drek.
493 3502 573 3565 serrae
584 3504 697 3569 legitur?
705 3505 899 3569 'orm-re
921 3508 1057 3559 Valeeeretee
1068 3508 1151 3559 Gran.
1162 3508 1271 3574 Doujet.
1283 3510 1427 3563 Creu-16
1443 3512 1494 3560 Ae·

886 3663 998 3716 Nom

442 3768 453 3795 θ
482 3760 615 3827 Volcente]
638 3760 743 3828 Hirpini
769 3767 799 3812 at
825 3762 924 3813 Luceni
963 3764 1133 3829 genti‚cnjue
1146 3766 1366 3829 perel'olcentee.

392 3836 507 3901 gentilem
538 3838 641 3887 nornine
671 3846 750 3901 eunt;
774 3838 925 3904 Volcentee,
995 3842 1193 3905 tMurrdeeiare]
1208 3842 1311 3892 Dicitur
1332 3851 1361 3893 et
1383 3842 1496 3895 hianda·

391 3912 481 3978 oppidi
504 3912 597 3963 unius:
617 3910 694 3965 iidem
712 3914 867 3965 volcentani
884 3914 925 3965 di·
962 3918 1029 3967 rium
1041 3926 1069 3968 et
1079 3917 1224 3968 Manduria
1236 3919 1262 3967 in
1274 3920 1367 3981 plurali
1377 3934 1496 3978 numero,

390 4000 487 4041 cuntur
505 4005 521 4040 e
538 3990 634 4053 Plinio,
652 3992 696 4057 qui
715 3992 754 4041 ele
764 3993 871 4057 junctos
886 3993 925 4045 eit
962 3995 1032 4045 inter
1043 3996 1170 4045 Neretum
1187 3995 1280 4058 (vulgo
1291 3994 1390 4059 Nande)
1407 4007 1435 4046 et
1446 3998 1496 4047 Te·

393 4068 587 4118 Numeetrenoe.
621 4068 756 4118 Cluverius
774 4070 844 4119 inter
855 4069 925 4120 Con·
962 4082 1074 4130 renuero,
1085 4074 1111 4122 in
1126 4073 1274 4136 Salentinis,
1284 4086 1342 4136 qua
1353 4087 1423 4122 nune
1434 4088 1497 4137 paee

391 4144 500 4194 sentiani
511 4153 539 4193 et
552 4144 748 4195 Numistronem
765 4147 840 4211 ponit
855 4147 925 4197 eirea
964 4148 1136 4214 Hydruntino
1158 4158 1255 4198 terere:
1281 4147 1405 4211 oppidum
1430 4150 1496 4199 illud

390 4218 477 4270 iontee
489 4220 607 4282 Ocinarl,
624 4222 681 4287 (qui
701 4222 778 4273 hodie
800 4222 925 4288 turbida)
963 4226 1040 4291 vulgo
1050 4226 1168 4275 blandula
1182 4234 1212 4275 nt
1227 4226 1311 4289 Nigro
1329 4227 1495 4289 planetilia

391 4294 436 4345 ubi
448 4310 517 4347 nuuc
530 4297 686 4363 Chatelain
702 4299 836 4365 utriusque
847 4301 924 4351 Cale·
963 4303 1122 4365 Caseleeoea,
1139 4304 1208 4353 unde
1224 4303 1291 4352 hand
1310 4304 1401 4366 procul
1424 4305 1496 4354 tecue

390 4372 456 4422 heis
468 4372 589 4423 confinio.
962 4380 1081 4439 Andania,
1094 4382 1178 4445 qrralie
1195 4381 1341 4433 blandurile
1358 4382 1494 4447 eppceitue

425 4446 484 4499 ‘Et
502 4448 622 4515 Bruttiis]
643 4452 778 4507 Universa
801 4453 922 4507 nimirum
962 4457 1032 4522 apud
1047 4456 1171 4509 Plinium.
