3259 5225
376 538 464 607 2t26
719 530 723 545 '
847 558 882 607 r.
906 560 1001 609 urvu

376 706 462 770 rium
477 722 578 771 manu
594 702 780 790 transfugit.
824 704 910 771 Inde
925 705 996 771 duo
1011 706 1144 773 mnnita
1157 706 1287 793 oppida
1300 726 1377 773 eum
1390 710 1485 794 orse-¹

376 806 472 873 sidiis
494 807 613 874 tradita
628 828 649 873 a
665 808 835 892 praelectis
849 808 1019 877 Romano.
1064 810 1110 876 Et
1122 829 1165 874 oe
1179 809 1296 890 latius,
1311 810 1481 877 inclinatis

377 910 480 975 semel
496 908 539 975 ad
550 909 771 975 desectionem
781 910 914 989 animis,
926 895 1073 997 serperet
1087 932 1156 993 res,
1167 912 1303 979 silentio
1313 915 1481 1000 proximae

375 1013 482 1079 noctis
500 1012 697 1079 Hasdrubal
711 1018 824 1079 castre
838 1021 962 1081 moret.

419 1116 473 1181 16.
496 1115 626 1201 Scipio,
641 1123 679 1182 ut
693 1115 802 1200 prium
816 1116 903 1196 lnce,
914 1118 974 1203 qui
995 1117 1031 1183 in
1053 1118 1255 1185 stationibus
1268 1126 1373 1198 erant,
1387 1122 1481 1184 retu-

374 1217 492 1295 lerunt,
507 1217 678 1303 proiectos
691 1218 817 1298 hostes,
833 1221 1008 1301 praemisso
1032 1223 1185 1305 equitatu
1207 1222 1306 1305 signa·
1323 1222 1400 1286 ferri
1420 1220 1480 1306 ju·

374 1322 453 1401 bet;
476 1319 628 1403 adeoque
650 1321 754 1385 citato
780 1322 909 1404 agmine
933 1323 1026 1389 ducti
1053 1332 1145 1403 snut,
1174 1332 1224 1405 nt,
1247 1326 1279 1390 si
1304 1326 1362 1390 via
1384 1331 1481 1389 recta

374 1421 516 1505 vestigia
542 1430 721 1507 sequentes
748 1424 865 1501 issent,
891 1424 1107 1492 hauddubie
1132 1428 1319 1494 assecuturi
1343 1428 1480 1494 fuerint.

375 1526 533 1591 Ducibus
546 1531 598 1591 est
623 1524 797 1603 creditum,
822 1528 957 1592 brevius
980 1528 1073 1594 aliud
1098 1548 1174 1595 esse
1198 1532 1262 1595 iter
1284 1528 1329 1595 ed
1352 1528 1480 1595 Baetim

373 1628 540 1707 tiuvinus,n
560 1636 600 1691 ut
612 1632 822 1693 transeuntes
836 1628 1102 1712 aggrederentur.
1139 1630 1347 1713 Hasdrubal,
1358 1632 1479 1696 clauso

373 1731 511 1797 transitu
525 1730 685 1809 fluminis,
701 1732 745 1796 ad
760 1750 923 1797 oceanum
938 1731 1057 1799 flectit
1101 1733 1147 1799 Et
1165 1734 1238 1819 J’am
1253 1733 1331 1799 inde
1346 1734 1476 1817 lugien-

372 1835 457 1900 tium
471 1834 574 1899 modo
595 1832 692 1899 effusi
716 1834 872 1915 abibant3
894 1834 997 1918 idque
1022 1837 1066 1901 ab
1091 1837 1281 1921 legionibus
1310 1835 1477 1902 Maianis

373 1936 582 2019 aliquantum
611 1936 776 2001 intervalli
805 1934 899 2001 lecit.
958 1936 1075 2023 Eques
1106 1938 1261 2024 levisque
1295 1948 1479 2017 armatura,

372 2058 460 2103 nune
486 2039 530 2102 ab
552 2045 657 2120 tergo,
680 2057 768 2103 nnnc
791 2040 836 2105 ab
860 2040 1024 2106 lateribus
1050 2041 1280 2121 occurrendo,¹
1311 2041 1479 2126 fatigabat

371 2142 645 2224 morabaturque:
669 2141 729 2205 sed
745 2142 880 2207 eumad
902 2143 1039 2208 crebros
1053 2144 1218 2209 tumultus
1233 2144 1329 2227 signa
1345 2144 1477 2209 consis-

372 2252 491 2322 terent,
506 2253 542 2310 et
554 2264 644 2308 nunc
659 2246 842 2328 equestria,
865 2265 956 2310 nuuc
980 2266 1058 2311 eum
1081 2246 1244 2312 velitibus
1261 2245 1476 2329 auxiliisque

371 2346 655 2432 peditnm'praelia
670 2356 888 2425 consererent,
903 2356 1162 2432 supervenerunt
1182 2350 1341 2433 legiones.
1385 2348 1476 2413 Inde

370 2472 435 2517 non
445 2450 519 2535 jam
540 2470 661 2543 pugna,
685 2449 744 2515 sed
772 2450 951 2516 trucidatio
973 2452 1063 2517 velut
1077 2471 1235 2535 pecorum
1249 2450 1341 2528 lieri;
1363 2451 1475 2517 donec

370 2556 444 2640 ipse
461 2553 544 2633 dux,
558 2552 645 2638 sugae
663 2559 789 2633 auctor,
803 2552 839 2619 iu
853 2554 1031 2638 proximos
1044 2555 1150 2621 colles
1163 2574 1240 2620 cum
1264 2560 1352 2620 sex²
1372 2553 1477 2619 milli·

369 2661 434 2724 bus
449 2657 551 2723 terme
564 2657 785 2722 semiermium
800 2657 922 2722 evasit.
945 2656 1058 2722 Ceteri
1072 2658 1155 2724 caesi
1169 2657 1349 2743 captique:
1362 2664 1478 2722 castra

369 2761 588 2826 tumultuaria
602 2759 722 2844 raptim
736 2757 838 2825 Poeni
849 2761 984 2824 «tumulo
998 2759 1188 2824 editissimo
1200 2761 1474 2838 communierunt,

370 2871 475 2950 atque
489 2863 581 2940 inde,
597 2861 790 2928 combustis
806 2863 1030 2946 nequicquam
1054 2863 1168 2927 subire
1189 2860 1305 2946 iniquo
1329 2879 1474 2925 ascemu

370 2975 513 3031 conatus
529 2969 642 3043 esset,³
665 2963 756 3029 haud
772 2963 949 3029 difficulter
964 2984 1039 3030 sese
1053 2965 1151 3030 tutati
1165 2967 1253 3028 suut.
1297 2960 1364 3027 Sed
1380 2963 1475 3027 obsi·

370 3067 427 3133 dio
439 3070 475 3133 in
489 3069 566 3132 loco
581 3065 671 3131 nudo
687 3072 787 3150 atque
801 3066 894 3150 inopi
911 3067 971 3130 vix
996 3068 1029 3131 in
1057 3085 1187 3151 pancos
1201 3063 1275 3129 dies
1288 3063 1473 3130 tolerabilis

369 3176 450 3235 erat.
494 3169 616 3254 Itaque
632 3168 850 3236 transitiones
866 3166 908 3232 ad
931 3166 1092 3233 bostem⁴
1109 3167 1249 3231 fiebant.
1293 3164 1473 3231 Postremo

369 3272 440 3337 dux
456 3274 540 3357 ipse,
555 3271 699 3338 navibus
714 3271 876 3356 acceptis,
899 3267 979 3355 (nee
1001 3270 1118 3355 procul
1143 3268 1220 3334 inde
1238 3269 1354 3332 aberat
1367 3273 1474 3349 mere)

821 3435 1005 3457 §Ouum

402 3539 616 3590 l‘Oeearrerdo.
649 3537 728 3588 Forte
746 3537 903 3587 insumendo:
927 3549 986 3585 nam
1006 3529 1134 3598 quomodo
1152 3530 1183 3580 ab
1199 3535 1270 3602 terge
1285 3529 1362 3580 alicui
1377 3532 1472 3580 sema·

367 3605 459 3670 possit,
477 3618 529 3654 nou
548 3602 682 3666 intellige?
699 3602 811 3652 Dela-2
829 3603 861 3651 Ῑιι
881 3600 950 3652 Edd.
971 3608 1033 3649 ante
1051 3597 1133 3648 (lton.
1153 3598 1180 3644 ia
1194 3596 1317 3659 ornam
1330 3595 1402 3672 eolles
1417 3611 1473 3646 ean

365 3677 454 3736 septem
464 3667 625 3722 millibus-tt
643 3667 713 3718 Olim
728 3669 788 3716 Cum
799 3669 877 3718 ledea
889 3665 971 3716 manti
983 3667 1117 3715 meat-a
1133 3659 1225 3710 Hostes
1235 3659 1318 3711 Grou.
1327 3659 1471 3724 Domat-

865 3811 971 3866 NOTAE

398 3924 411 3950 ¹
427 3915 468 3965 Ad
480 3913 571 3964 Ratira
582 3913 699 3978 fluuium]
715 3912 788 3962 luter
798 3912 895 3977 Hispa·
936 3910 970 3960 de
980 3908 1060 3974 lpatna
1074 3905 1177 3956 nomine
1188 3903 1278 3967 utera,
1288 3903 1470 3967 quamnim

365 3993 416 4042 uia
434 3989 541 4042 flumina
559 4005 574 4040 e
594 3989 733 4055 praecipuit
748 3997 789 4038 est
805 3988 894 4046 Botis,
936 4001 969 4037 ea
981 3994 1058 4051 parte
1069 3984 1096 4034 lu
1108 3978 1268 4032 Vandalitite
1279 3993 1374 4028 nomen
1384 3987 1471 4031 trane·

363 4068 442 4119 bodie
453 4066 567 4119 Arabico
583 4068 708 4118 uocabulo
721 4066 893 4131 (laad-alqui-
935 4063 976 4126 iit,
995 4062 1072 4126 vulp
1092 4071 1163 4109 nnnc
1184 4054 1329 4110 emaum
1352 4055 1387 4106 ab
1405 4064 1469 4108 orta

364 4146 411 4202 etr,
424 4144 513 4208 ideal,
529 4141 622 4195 florina
634 4157 760 4208 maguus:
779 4144 804 4192 iu
815 4141 894 4205 'l'ngi-
934 4140 968 4190 ad
985 4151 1108 4190 oceasum
1128 4146 1230 4184 amano
1248 4131 1322 4180 alveo
1343 4139 1372 4183 et
1391 4141 1468 4185 meto

365 4222 420 4271 ebal
438 4222 558 4271 exoriens
570 4219 647 4285 saltu,
662 4221 705 4286 qui
721 4231 790 4269 nuuc
808 4219 895 4268 Sisrra
933 4231 1017 4285 prope
1035 4229 1114 4266 eumn
1125 4225 1174 4277 per
1184 4207 1331 4260 Cordubam
1340 4207 1469 4270 deearrit.

365 4298 508 4357 deAterrue,
520 4311 571 4362 qna
583 4297 699 4346 castella
707 4309 774 4344 ocra
785 4294 817 4343 ad
826 4294 894 4344 Gra·
935 4293 1019 4344 donee
1035 4291 1114 4356 paolo
1124 4302 1204 4353 supra
1215 4285 1357 4348 Hispalim,
1367 4287 1393 4335 iu
1407 4303 1467 4339 ιιιι·

275 4391 277 4399 “
365 4381 434 4423 nata
449 4372 612 4438 Martiaque
623 4385 759 4436 regnorum
771 4371 894 4421 terminer
935 4379 1003 4420 troru
1020 4366 1172 4425 dedectens,
1189 4363 1217 4412 ia
1232 4361 1395 4412 Atlanticum
1409 4373 1467 4414 tau·

365 4463 422 4498 sese
440 4449 571 4498 insinuat:
589 4449 650 4499 biue
666 4447 776 4499 betica
793 4445 894 4497 insuaue
935 4441 1307 4497 demteeffuudatoeeaoum.
