3259 5225
496 484 571 534 nrn.
592 483 742 535 xxrrrr.
764 484 846 535 oar.
869 468 922 537 ts.
1164 470 1254 543 m

155 627 263 699 delati
276 628 395 708 forent,
410 629 603 697 instructam
619 630 771 699 frondem
787 632 1047 715 uleisoereutnr3
1062 632 1144 699 etin
1156 650 1255 716 omno

154 726 287 817 tempus
301 732 396 814 gravi
411 732 613 801 documento
628 735 805 817 sancirent,
819 755 864 802 ne
879 736 958 821 quis
968 754 1114 821 unquam
1127 734 1253 801 Roma*-

154 850 236 897 nunr
252 834 361 903 civem
381 834 561 903 militemve
583 838 618 904 in
638 837 707 903 nlla
726 838 858 905 fortuna
879 844 1104 923 opportunum
1122 836 1255 923 injuriae

155 933 313 1002 donaret!
365 936 422 1003 Ab
436 938 500 1005 bae
514 938 770 1007 cohortatioue⁶
783 940 882 1007 dnois
894 940 1025 1010 incitati
1038 940 1151 1007 scalas
1165 940 1256 1007 etec-

155 1036 202 1104 tis
216 1057 276 1122 per
289 1040 479 1126 manipnlos
493 1042 572 1109 viris
586 1043 750 1123 dividunt,
768 1046 962 1130 partitoque
975 1045 1140 1121 exerettn,
1154 1044 1203 1109 ita
1216 1050 1257 1109 ut

153 1142 244 1226 porti
265 1142 362 1209 alteri
383 1142 514 1211 Laelius
533 1152 701 1232 praeesset
724 1146 864 1231 legatus,
885 1148 1018 1213 duobus
1044 1147 1145 1212 simut
1167 1147 1256 1213 looir

155 1244 296 1329 ancipiti
318 1250 440 1312 terrore
460 1248 578 1313 urbem
600 1248 851 1333 aggrediuntur.
895 1248 977 1315 Non
999 1248 1072 1315 dux
1087 1252 1257 1315 nunaunt

155 1344 271 1430 plures
286 1348 454 1433 prinsipes
469 1349 674 1436 oppidanos,
689 1349 751 1416 sed
763 1369 848 1416 suns
863 1350 1015 1436 ipsorum
1026 1370 1070 1416 ex
1080 1351 1257 1417 eonscien-

155 1449 206 1515 tia
219 1450 331 1535 oulpae
345 1460 457 1519 metus
477 1452 521 1519 ad
542 1452 783 1519 defendendam
797 1453 939 1538 impigre
952 1454 1068 1519 urbem
1087 1452 1255 1521 bortatur.

154 1548 203 1616 Et
215 1555 443 1635 meminerant,
466 1560 499 1621 et
513 1555 738 1621 admonebant
752 1556 834 1628 ulii⁷
856 1556 956 1634 alios,
970 1560 981 1591 ‘
993 1556 1199 1639 supplicium
1210 1570 1257 1621 ex

155 1672 209 1735 se,
219 1676 286 1723 non
301 1660 491 1737 victoriam,
506 1659 588 1744 peti.
633 1658 703 1724 Ubi
717 1659 858 1745 quisque
868 1666 1010 1725 mortem
1025 1664 1210 1743 oppeteret,
1219 1658 1257 1724 id

154 1756 288 1839 referre,
308 1769 419 1827 utrum
435 1763 470 1826 in
485 1780 598 1845 pugna
615 1768 651 1827 et
668 1762 704 1827 in
723 1760 808 1840 acie,
823 1760 882 1827 ubi
899 1761 995 1828 Mers
1011 1762 1201 1827 eommunis
1221 1770 1258 1828 et

154 1861 286 1928 vietum
301 1882 394 1949 saepe
409 1864 550 1947 erigeret
564 1871 599 1928 et
614 1862 779 1947 affligeret
793 1864 964 1943 rictorem,
987 1882 1033 1929 an
1049 1862 1258 1946 postmodo,⁸

154 1974 302 2041 memetu
324 1977 360 2035 et
381 1969 492 2035 diruta
515 1969 608 2047 urbe,
631 1975 790 2039 auteora
811 1975 986 2051 captarum
1008 1966 1189 2051 conjugum
1214 1966 1283 2031 li·-

154 2070 386 2156 berornmque,
409 2072 655 2138 inter'verbera
677 2077 713 2136 et
736 2070 883 2149 vincula,
905 2070 1018 2135 omnia
1037 2068 1133 2135 ioeda
1154 2076 1257 2154 atqua

155 2172 292 2257 indigns
306 2175 414 2259 pessi,
427 2172 644 2259 expirarent-³
687 2173 796 2257 Igitur
805 2194 870 2239 non
883 2171 1035 2239 militaris
1047 2172 1148 2237 modo
1159 2176 1258 2251 tems,

155 2282 215 2341 aut
229 2278 291 2341 riri
304 2284 444 2354 tantum,
458 2277 517 2343 sed
537 2278 685 2343 foeminas
702 2277 889 2363 puerique⁹
903 2296 1010 2361 supra
1019 2274 1124 2339 animi
1138 2292 1257 2359 corpo·

154 2376 265 2463 risque
276 2378 365 2445 vires
379 2378 521 2462 adsunt;
532 2380 820 2463 propugnantibus
834 2378 903 2444 tela
915 2379 1114 2455 ministrant,
1125 2395 1212 2442 saxa
1223 2377 1259 2443 in

154 2498 269 2545 muros
282 2480 510 2547 munientibus
525 2487 651 2565 gerunt.
674 2478 755 2545 Non
765 2478 901 2547 libertas
915 2480 1020 2545 sotum
1036 2479 1258 2561 agebaturftt’

155 2600 236 2668 quoe
250 2582 398 2650 virorum
407 2584 546 2650 sortium
562 2590 692 2648 tantum
707 2588 846 2668 pectora
859 2583 972 2664 aonit;
986 2580 1175 2648 seduttima
1186 2600 1258 2648 om·

153 2685 246 2752 nium
258 2693 283 2731 ¹¹
308 2684 502 2772 supplicia*
519 2694 556 2751 et
576 2685 670 2752 foeda
687 2703 778 2750 mors
797 2684 844 2750 ob
864 2684 983 2751 oculos
998 2689 1082 2749 erat.
1124 2681 1259 2748 Accen-

155 2789 320 2858 dobantur
334 2789 436 2854 animi
450 2797 484 2856 et
503 2790 684 2856 oertemine
697 2787 826 2856 laboris
839 2805 882 2853 ao
896 2784 1052 2872 periculi,
1066 2789 1169 2871 atque
1179 2786 1259 2871 ipso

155 2892 243 2958 inter
257 2911 296 2958 se
312 2901 510 2977 conspeetu.
554 2891 678 2978 Itaque
700 2897 793 2957 tanto
815 2889 935 2957 erdere
956 2897 1125 2954 certarnen
1140 2887 1257 2954 initum

154 2999 217 3072 est,
232 3000 270 3060 nt
280 2994 424 3060 domitor
437 2995 497 3062 ille
512 2997 615 3060 totius
631 2993 814 3079 Hispaniae
829 2994 1010 3069 exereitus,
1023 2990 1068 3056 ab
1083 2989 1183 3054 unios
1196 3009 1259 3074 op·

154 3095 226 3181 pidi
243 3097 420 3182 juventute
441 3119 535 3184 saepe
557 3099 714 3183 repulsus
736 3119 759 3166 a
779 3097 896 3177 muris,
917 3094 1010 3160 haud
1030 3093 1115 3160 satis
1133 3091 1258 3159 decoro

154 3197 272 3294 {italio
287 3201 504 3286 trepidaret.¹²
559 3200 603 3265 Id
616 3202 676 3267 ubi
696 3202 781 3269 vidit
799 3201 930 3285 Scipio,
947 3199 1084 3280 veritus,
1098 3215 1142 3263 ue
1161 3195 1259 3264 renis

186 3387 197 3414 ⁸
213 3381 272 3432 Nou
279 3385 373 3432 territur
382 3381 499 3446 ogebmur
508 3386 538 3435 dr
548 3383 666 3436 menete.

617 3523 798 3550 “comune

153 3641 343 3702 desponsa-⁵
360 3639 400 3690 Ab
410 3639 442 3690 iis
452 3639 584 3693 oron-o
599 3641 631 3692 In
643 3641 710 3694 Edd.
729 3649 790 3693 rute
801 3641 887 3694 Grou.
902 3637 1125 3690 atumem-t
1141 3636 1194 3688 Atii
1204 3634 1258 3687 tet

154 3705 233 3756 Cret.
243 3711 271 3753 ut
282 3715 361 3754 anton
373 3707 506 3768 irriga-t
523 3708 554 3757 Iu
567 3707 705 3758 liddeum
718 3709 801 3759 Grou.
811 3705 1017 3770 pentem-a
1035 3703 1066 3754 In
1077 3702 1137 3755 libr·
1150 3709 1202 3751 ret.
1220 3702 1259 3752 ir·

154 3783 214 3820 ren.
224 3768 333 3829 soerriroe
351 3785 439 3835 qaoque
453 3771 639 3836 puerique-tt
656 3773 736 3822 ‘Nor
751 3772 850 3824 libertos
865 3771 940 3820 ὼ
954 3769 1077 3830 oaeewtr.
1110 3767 1154 3817 Sic
1169 3780 1259 3817 ornnes

153 3835 211 3884 tine
223 3833 275 3883 rrtlt
286 3834 429 3886 varietate:
448 3837 497 3887 nisi
514 3837 583 3902 qood
595 3836 647 3888 dno
659 3838 727 3889 Part.
743 3839 801 3888 uir.
834 3834 887 3885 sed
899 3833 956 3897 quir
968 3846 1080 3898 unquam
1093 3831 1170 3893 ttrir,
1187 3831 1259 3882 tiber,-

154 3906 193 3954 tnr
203 3901 295 3962 agitur,
315 3907 344 3949 et
360 3914 411 3950 nou
428 3901 525 3964 potins,
541 3902 660 3953 tibertrtir
676 3903 797 3965 negotiari
812 3901 912 3964 ocimi
929 3895 1089 3948 vociferetur
1105 3895 1260 3957 liberaum

153 3965 243 4030 ittque
253 3965 400 4029 substituit,
416 3981 462 4016 aon
477 3967 575 4026 tibertus
590 3970 642 4018 min
658 3965 805 4018 mrem!
821 3965 849 4018 J.
859 3965 889 4016 F.
901 3964 1048 4014 tiron-ll
1065 3962 1137 4014 otim
1152 3961 1260 4015 omnibs·

652 4127 764 4180 NOTAE

187 4219 359 4272 b&dotti-rm
368 4222 472 4272 mrim
481 4223 609 4290 mppttcie]
625 4225 685 4277 Non
727 4224 823 4276 uirium
841 4236 1004 4294 communem
1021 4217 1196 4273 otirmitttoru
1214 4219 1260 4271 bt·

154 4297 347 4364 innrnqnirque
357 4299 512 4362 supplicium
522 4300 687 4364 tautum,red
728 4301 864 4352 bebanttu
875 4300 970 4356 animo,
980 4303 1009 4351 ot
1020 4297 1094 4366 quati
1109 4297 1144 4349 ob
1161 4296 1260 4361 osuiu,

154 4375 369 4442 propinquorum,
377 4373 687 4437 rrrrioornrn‚ounotoru'ra
728 4377 967 4445 atquoborrobaut.
