3259 5225
506 589 581 640 cra.
603 590 732 640 xxvrr.
756 590 839 641 cnr.
859 575 914 642 tl.
1167 573 1255 644 m

157 735 194 800 is
209 733 303 799 cives
317 731 368 798 Μ.
389 731 535 813 Liuium,
550 733 595 800 ad
610 733 734 800 bellum
747 735 1031 819 proticiscentem,
1044 735 1196 800 mouenti
1209 733 1255 816 Q.

159 835 281 915 Fabio,
303 842 366 900 ‘ne
387 837 493 920 prius,
514 856 615 923 quum
636 855 741 922 genna
757 837 908 904 hostiurn
929 847 1119 922 cognosset,
1132 843 1256 904 temere

156 957 294 1004 manum
305 939 512 1019 consereret,’
525 941 758 1026 respondisse:
780 939 872 1006 ‘Ubi
887 939 1030 1026 primum
1042 939 1190 1006 bostium
1198 959 1257 1024 ag·

157 1061 235 1136 meu
260 1041 504 1126 conspexisset,
534 1043 777 1126 pugnaturum!
820 1044 909 1110 Cum
936 1050 1150 1130 quaereretur,
1177 1063 1257 1128 quaa

160 1163 266 1209 causa
279 1143 460 1209 festinandi
479 1145 593 1211 essetl
637 1147 730 1214 ‘Aut
742 1167 786 1212 ex
801 1147 900 1214 hoste
916 1147 1081 1232 egregiam
1096 1141 1260 1230 glorium,'

159 1247 279 1330 inquit,
296 1251 377 1312 ‘out
390 1265 435 1312 ex
449 1247 578 1314 civibus
599 1249 697 1315 victis
712 1250 883 1333 gaudium,
899 1244 1052 1317 meritum
1073 1256 1176 1328 certe,
1195 1249 1261 1314 etsi

160 1369 231 1414 uon
254 1351 442 1428 honestum,
463 1349 620 1435 capiam!
664 1351 765 1418 Prius
783 1373 887 1436 quam
899 1351 1063 1418 Claudius
1082 1350 1207 1417 consul¹
1222 1351 1259 1416 in

160 1453 368 1538 provinciam
385 1454 585 1538 perveniret,
595 1473 655 1539 per
668 1461 852 1520 extremum
867 1455 968 1520 tinem
983 1453 1054 1538 agri
1070 1453 1260 1519 mnata·

160 1555 334 1622 (lucentem
348 1556 383 1620 iu
399 1555 597 1622 Sallentinos
619 1559 800 1623 exercitum
820 1557 1045 1623 Hannibalem
1060 1575 1139 1622 cum
1153 1575 1258 1640 expe·

162 1657 245 1726 (litis
266 1655 459 1724 cohortibus
473 1656 609 1724 adortus
629 1658 669 1724 Ο.
684 1659 856 1726 Hostilius
867 1661 1023 1726 Tubulus
1037 1659 1261 1741 incomposito

162 1761 288 1844 agmini
303 1759 483 1824 terribilem
498 1761 675 1826 tumultum
690 1761 809 1828 intulit.
853 1762 909 1830 Ad
924 1769 1068 1848 quatuor
1080 1761 1188 1828 millia
1200 1761 1261 1826 bo·

162 1865 289 1928 minum
305 1860 445 1940 occidit,
465 1881 586 1928 novem
607 1865 700 1948 signu
722 1866 881 1932 militaria
898 1867 1003 1952 cepit.
1045 1865 1203 1931 Moverat
1217 1884 1261 1931 cx
1282 1862 1286 1871 '

162 1964 318 2050 hybernis
333 1964 377 2030 ad
397 1963 521 2030 samam
542 1965 651 2031 bostis
668 1965 715 2048 Q.
730 1965 905 2046 Claudius,
925 1969 986 2054 qui
1003 1988 1065 2054 per
1076 1969 1177 2034 urbes
1191 1963 1262 2050 egri

164 2067 344 2136 Sallentini
357 2075 470 2132 castra
483 2066 652 2152 dispoeita
665 2069 825 2136 habebat.
869 2072 1005 2156 ltaque,
1022 2091 1066 2136 ue
1082 2089 1160 2136 oum
1179 2068 1261 2134 duo·

163 2173 230 2237 bns
242 2171 448 2237 exercitibus
463 2171 564 2236 simol
576 2173 778 2256 confligeret,
795 2174 966 2242 Hannibal
985 2183 1085 2242 nocte
1096 2182 1208 2241 castra
1218 2191 1263 2238 ex

165 2293 245 2358 agro
257 2274 438 2339 Tarentino
459 2273 575 2354 movit,
597 2280 698 2360 atque
719 2276 754 2340 iu
773 2273 925 2343 Bruttios
939 2277 1116 2342 concessit.
1159 2274 1263 2340 Glan-

166 2376 244 2442 dius
266 2375 300 2440 in
327 2374 528 2441 Sallentinos
547 2395 667 2459 agmen
687 2379 863 2443 convertit
907 2379 1088 2457 Hostilius,
1109 2377 1264 2460 Capuam

165 2487 297 2564 petens,
320 2478 440 2542 obvius
465 2476 508 2542 url
528 2477 714 2544 Venusiam
735 2479 780 2546 sit
796 2480 929 2546 consuli
948 2480 1106 2547 Claudio·
1149 2479 1205 2545 lbi
1218 2494 1265 2543 ex

166 2587 308 2665 utroque
331 2579 483 2647 exercitu
508 2578 618 2647 electa
639 2581 793 2667 perlitum
815 2582 1037 2667 quadraginta
1057 2581 1173 2661 millio,
1195 2578 1264 2645 duo

166 2684 275 2751 millia
289 2693 323 2750 et
336 2683 510 2768 quingenti
524 2684 666 2770 equites,
688 2685 813 2768 quibus
829 2688 947 2752 consul
961 2686 1120 2751 adversus
1135 2681 1266 2749 Hauni-

166 2785 277 2854 balam
300 2806 368 2853 rem
380 2784 406 2827 ¹⁶
431 2792 577 2869 gereretz
600 2786 747 2871 reliquas
773 2788 895 2872 copias
920 2788 1091 2854 Hostilius
1110 2784 1266 2871 Capuam

168 2890 291 2957 ducere
300 2889 432 2975 jussus,
447 2894 486 2954 ut
500 2887 547 2967 Q.
563 2888 685 2955 Fulvio
699 2890 895 2975 proconsuli
909 2891 1064 2957 truderet.

211 2994 267 3058 ⁴1.
288 2991 475 3070 Hannibal,
492 2990 642 3077 undique
665 3000 839 3059 contrecto
858 2994 1022 3071 exercitu,
1039 3011 1139 3078 quem
1155 2991 1191 3055 iu
1205 2988 1267 3074 by·

167 3092 280 3161 bernis
296 3101 355 3159 aut
368 3096 403 3159 iu
418 3093 585 3179 presidiis
600 3096 669 3179 agri
685 3094 812 3162 Bruttii
825 3094 999 3177 habuerat,
1008 3096 1043 3161 iu
1055 3094 1212 3160 Lucanos
1224 3088 1269 3160 ad

169 3198 413 3263 Grumentum⁰
431 3198 536 3276 venit,
552 3216 613 3282 spe
628 3198 811 3283 recipiendi
825 3198 965 3283 oppida,
980 3218 1058 3283 quar
1070 3216 1131 3283 per
1142 3202 1268 3262 metum

170 3299 214 3365 ad
231 3297 630 3365 Romanosrleiecissent.
675 3298 805 3366 Eodem
819 3297 1269 3367 aVenusiaconsulRoma-

630 3480 812 3505 omuemu

170 3598 282 3663 Doujut.
293 3597 433 3649 erec-ru
451 3596 536 3647 Adbuc
545 3598 583 3648 ire
595 3598 662 3649 ara
673 3608 735 3651 aute
746 3601 895 3653 tiron-lt
912 3600 961 3651 lter
970 3600 1053 3650 Grau.
1065 3597 1176 3661 Dorion
1183 3595 1261 3647 cuer.

670 3744 777 3796 Nom

203 3847 217 3875 ¹
233 3838 372 3903 Latmo]
396 3840 420 3890 Α
432 3840 526 3891 larino
537 3840 634 3907 opplrlo
646 3841 700 3907 Ap·
742 3842 919 3893 notationibus
927 3839 1150 3905 adgecgrupbianr
1160 3850 1272 3901 urum,

172 3918 260 3985 polin.
742 3927 910 3971 cerretano
931 3918 1073 3982 mare
1099 3915 1133 3965 aa
1159 3913 1271 3965 cauden

205 4000 218 4027 ⁸
234 3994 273 4044 Aa
290 3990 461 4059 mmm]
486 3992 621 4059 Oppidum
643 4002 701 4045 erat
742 3996 851 4056 Acirim,
872 4010 953 4058 supra
977 3994 1052 4044 Μ
1071 3991 1206 4057 opptusn.
1238 3990 1272 4041 lu

174 4070 306 4133 haruin,
317 4084 373 4134 qun
386 4084 453 4121 nuuc
469 4070 619 4122 Basiliscus
635 4070 702 4121 bruel
743 4070 956 4123 annotationibus
971 4070 1084 4134 dentque
1095 4068 1129 4118 rrl
1140 4065 1272 4117 Ortrlirsr

173 4148 266 4213 procot
284 4144 357 4196 Ariri
371 4144 459 4208 florio,
469 4148 496 4198 ic
508 4162 584 4213 quem
595 4145 703 4199 confluit
743 4162 775 4199 eo
786 4148 911 4204 decurrit,
928 4154 958 4197 ut
971 4154 1048 4211 putet
1059 4158 1117 4195 erae
1126 4144 1272 4207 Anausaro

174 4226 248 4274 Sora.
272 4222 346 4272 Clur.
360 4221 557 4287 putatrllcirul.
570 4224 703 4275 etwinus·
743 4224 776 4275 rd
796 4225 915 4275 dextrum
933 4222 1021 4273 Aciris
1039 4219 1067 4272 a
1084 4222 1129 4287 qui
1149 4222 1214 4272 uitur
1231 4228 1273 4272 ert

171 4306 207 4351 te.
240 4298 327 4349 Hclrt.
336 4298 363 4347 iu
375 4298 583 4349 mactationibus
594 4299 627 4350 sd
637 4300 703 4351 illios
744 4299 922 4366 Agriruoutbr
943 4307 973 4350 ut
995 4299 1066 4349 lutor
1085 4298 1143 4349 boc
1164 4297 1217 4349 rluo
1239 4312 1275 4351 aa

174 4378 279 4429 Italiam
292 4377 366 4440 pouit
376 4376 409 4425 uri
423 4376 555 4441 autiquurn
565 4378 703 4429 eeclesiam
744 4377 842 4441 aliquid
860 4377 895 4427 alt
908 4376 1075 4441 discriminis,
1085 4373 1191 4425 dubium
1208 4374 1275 4426 rutis

174 4454 201 4505 8.
214 4454 325 4515 luberti,
337 4452 389 4503 rnl.
398 4450 425 4505 S.
434 4452 552 4503 mmo:
569 4453 614 4504 red
624 4454 650 4505 in
659 4469 702 4506 an·
743 4454 871 4506 ridentur.
