3259 5225
506 524 582 574 urs.
605 522 704 575 xxv.
728 523 811 573 ose.
833 509 889 577 25.
1154 510 1243 579 2129

143 682 263 733 versus
286 680 309 733 a
324 665 431 733 muris
449 666 581 753 viteque
599 667 775 733 imminens
790 668 908 735 ferenti
923 668 958 735 iu
971 688 1071 753 egros
1085 669 1242 736 moditer-

141 787 313 855 raueuque
336 770 466 847 iusulae,
483 768 718 855 percommode
738 770 827 837 situs
851 770 896 837 ud
918 779 1125 837 commeatus
1149 774 1263 868 euui-⁸

141 872 324 957 plenumst
379 872 530 939 Praeerat
557 873 637 939 bulo
667 874 738 939 arci
767 873 991 940 Philodemus
1013 872 1173 959 Argiuum
1197 876 1241 941 ab

140 976 295 1061 Epicyde
324 976 520 1061 impositus,
544 975 589 1042 ad
617 996 717 1061 quem
743 978 869 1043 missus
896 998 919 1043 a
945 976 1107 1044 Marcello
1132 978 1242 1059 Sosis,

140 1098 229 1144 unus
252 1098 297 1145 ex
320 1080 586 1154 interfectoribus
610 1080 754 1165 tyranni,
775 1098 862 1158 eum,
881 1081 982 1164 longo
1004 1100 1160 1146 sermone
1184 1082 1242 1147 ha·
1334 1092 1338 1101 ’

140 1182 226 1261 bito,
241 1182 366 1249 dilatus
380 1202 439 1267 per
452 1181 695 1249 frustrationem
710 1188 813 1261 esset,
828 1182 946 1249 retulit
964 1181 1140 1259 Marcello,
1155 1190 1242 1248 tem·

139 1302 207 1366 pus
227 1306 305 1349 euru
325 1286 369 1351 ad
392 1284 639 1351 deliberandum
660 1286 833 1351 sumsisse.
877 1284 964 1351 Cum
979 1286 1011 1351 is
1027 1286 1113 1350 diem
1129 1284 1172 1349 de
1187 1285 1242 1351 die

140 1386 300 1465 differret,
312 1388 390 1454 dum
404 1388 638 1473 Hippocrates
653 1396 755 1471 utque
771 1386 921 1453 Himilco
936 1387 1155 1453 admoverent
1166 1407 1241 1453 cas·

139 1496 194 1559 ira
215 1491 441 1575 legionesque,
456 1490 546 1557 haud
569 1491 704 1571 dubius,
721 1492 752 1555 si
773 1491 808 1555 iu
826 1510 937 1557 arcem
953 1490 1144 1574 accepisset
1164 1510 1239 1570 eos,

139 1590 245 1657 deleri
271 1592 461 1659 Romanum
481 1595 670 1659 exercitum
689 1593 858 1659 inclusum
876 1592 983 1659 muris
1002 1612 1124 1676 posse;
1148 1591 1241 1657 Mar-

139 1693 263 1773 cellus,
277 1703 316 1761 ut
337 1694 521 1779 Euryalum
541 1714 652 1780 neque
675 1694 773 1771 tradi,
792 1714 902 1779 neque
920 1695 999 1779 oapi
1021 1693 1106 1759 vidit
1127 1714 1240 1780 posse,

138 1795 227 1863 iuter
247 1798 431 1884 Neapolim
450 1805 484 1864 et
497 1798 652 1883 Tycham
665 1796 818 1884 (uomina
825 1796 978 1881 ⁸partium
988 1804 1013 1849 ¹⁹
1032 1797 1124 1861 urbis
1142 1798 1239 1863 etin-

140 1906 211 1965 star
233 1903 367 1969 urbium
386 1900 480 1988 sunt)
494 1902 610 1985 posuit
628 1906 752 1979 castra,
773 1902 906 1978 timeus,
925 1921 978 1980 ne,
1001 1899 1032 1965 si
1054 1900 1240 1985 frequentia

135 2002 297 2071 iubasset
318 2005 408 2083 loca,
422 2006 587 2073 contineri
610 2005 654 2071 ab
675 2004 830 2070 discursu
852 2004 949 2069 miles
970 2003 1092 2069 avidus
1112 2005 1240 2088 prmdaa

136 2124 204 2171 uon
224 2116 351 2192 posset.
395 2108 514 2193 legati
533 2128 575 2173 eo
597 2107 642 2173 ab
664 2106 784 2192 Tyrum
802 2114 839 2172 et
859 2106 1007 2193 Neapoli
1026 2126 1104 2172 oum
1124 2107 1239 2173 infulis

136 2214 172 2273 et
195 2207 405 2277 velamentis¹
428 2216 600 2289 venerunt,
615 2217 852 2294 precautes,ut
872 2228 895 2273 a
908 2208 1062 2275 caedibus
1075 2215 1109 2275 et
1122 2210 1168 2275 ab
1189 2210 1239 2274 in·

137 2311 266 2381 emulis
290 2320 513 2397 parceretur.¹¹²
556 2312 612 2387 De
637 2329 780 2397 quorum
803 2312 971 2395 precibus,
994 2331 1097 2397 quam
1120 2320 1238 2396 postu·

136 2412 229 2493 lutis,
241 2418 349 2497 magis
364 2418 506 2483 consilio
518 2415 645 2492 habito,
658 2414 843 2481 Marcellus
857 2433 902 2479 ex
913 2413 1062 2479 omnium
1074 2416 1239 2481 sententia

137 2513 247 2581 edixit
267 2518 442 2599 militibus,
465 2524 533 2584 ‘ne
555 2518 632 2602 quis
656 2517 801 2583 libemm
827 2534 953 2603 corpus
977 2516 1130 2583 violaret.
1173 2512 1239 2581 Ce-

136 2621 207 2682 tera
228 2620 355 2702 praedss
375 2619 512 2688 futura?
555 2619 740 2704 Castraque
762 2620 862 2684 tectis
882 2619 1047 2703 parietum
1066 2638 1129 2703 pro
1142 2637 1237 2684 muro

135 2727 278 2804 septa.²⁰
329 2723 446 2790 Portis
474 2724 607 2810 regione
636 2723 825 2808 platearum
853 2723 1047 2807 patentibus
1074 2721 1238 2788 stationes

165 2919 491 2990 JPrsrstusssrtputtss.

599 3033 779 3056 NWOWO

168 3169 201 3216 ts
217 3167 458 3219 ‘Pereumdsuud
468 3169 777 3233 commmemtplssdss.
812 3167 944 3219 Put.l³st.
954 3167 1028 3218 Meu.
1038 3166 1116 3218 Voss.
1129 3181 1235 3232 paresn-

134 3233 255 3282 rusdsstss
271 3236 312 3283 ud.
344 3234 507 3298 Significant,
524 3234 593 3300 quod
614 3234 684 3284 clare
705 3247 771 3284 uuus
790 3246 806 3282 e
826 3234 885 3284 Pul.
899 3233 1060 3298 peresmds
1070 3230 1148 3282 attus)
1165 3231 1194 3286 J.
1206 3233 1236 3283 F.

133 3295 319 3349 tironum—lit
336 3299 419 3351 ‘Put
435 3301 529 3350 msulae
547 3299 691 3362 spuriisss.
725 3299 785 3350 Pet.
801 3297 895 3348 semiss
911 3297 1036 3361 apertius.
1075 3297 1177 3360 Scriba,
1193 3311 1237 3346 ss·

133 3363 199 3412 ausu
209 3375 238 3412 su
251 3364 374 3426 portuum·
389 3364 539 3418 Idem-2⁰
555 3367 563 3393 ⁶
577 3365 708 3428 Castraque
722 3364 791 3416 testis
800 3364 920 3428 psristsss
935 3376 979 3426 prs
988 3377 1056 3414 sssrs
1065 3366 1142 3427 septu,
1150 3370 1238 3414 eastra

629 3541 738 3593 ΝΟΜ

167 3637 174 3672 ¹
191 3641 254 3689 Cu
269 3639 354 3698 aeuo
369 3646 394 3691 st
412 3641 559 3705 stimulis]
575 3641 666 3694 Tradit
706 3649 802 3706 genere
810 3639 1031 3705 operimentorum
1039 3644 1183 3696 sumuntur,
1193 3637 1237 3690 bic

132 3714 218 3764 Varro
234 3714 326 3767 lululss
341 3730 398 3766 esse
420 3719 566 3769 uelamenta
583 3732 617 3768 ex
629 3717 665 3769 ls·
705 3719 794 3770 stricte
806 3733 854 3784 pru
865 3719 897 3768 iis
907 3717 1072 3781 accipiuntur
1081 3730 1140 3781 quse
1150 3730 1166 3765 u
1175 3729 1238 3779 sup·

131 3805 183 3841 us:
209 3792 313 3856 Festus,
329 3791 462 3845 tilsmeuta
482 3796 556 3845 lanes
572 3794 666 3861 quibus
706 3796 819 3861 plicibus
845 3796 928 3844 reniae
954 3792 1124 3857 impetrando
1158 3805 1237 3842 esuss

131 3867 666 3936 sacerdotes,ethostlae,templsquesela·
707 3871 826 3936 praeferri
849 3870 978 3932 solebant,
1003 3867 1146 3933 eujusmodi
1172 3870 1236 3917 rsrul

131 3944 247 3996 bautm:
264 3946 368 3999 Isidoro
385 3947 468 4000 insula
484 3950 587 4015 proprie
603 3950 665 4000 dici·
706 3951 822 4001 olearum
833 3949 905 3999 vittis
922 3947 1046 4009 obvoluti,
1055 3947 1169 4010 ipsusque
1187 3946 1236 4017 rit·

132 4029 178 4070 tur
189 4036 246 4072 esse
265 4021 375 4075 fasciola
389 4025 558 4076 sacerdotalis
573 4025 666 4091 cupitis
706 4033 750 4093 to,
757 4032 852 4091 utpote
863 4025 954 4092 quibus
964 4030 1100 4075 uterentur
1108 4023 1166 4090 Diis
1175 4037 1236 4087 sup·

131 4097 192 4148 albu
205 4097 232 4148 in
243 4099 348 4150 modum
360 4100 665 4166 diadematis,aqussit·
706 4104 842 4169 plicantes.
884 4102 956 4152 Hinc
977 4099 1057 4151 ovid.
1079 4099 1112 4150 iu,
1128 4099 1236 4150 Metam.

132 4181 169 4224 tae
184 4174 217 4224 ub
226 4184 337 4240 utruque
346 4184 422 4240 purte
432 4177 593 4242 dependent,
606 4195 664 4244 quur
695 4183 712 4214 ·‘
724 4181 879 4230 Velamenta
898 4191 975 4227 mauu
996 4174 1163 4242 prsrteudsus
1173 4191 1235 4242 sup·

129 4247 239 4302 infulam
256 4253 386 4304 vinulenta
404 4268 437 4304 es
448 4254 600 4327 plerumque
611 4257 665 4307 lats
704 4255 793 4323 plico!

133 4335 200 4384 erut,
219 4329 372 4394 plerumque
390 4331 487 4381 tortilis
509 4331 617 4382 dealba
636 4341 664 4383 et
737 4341 755 4368 ¹²
772 4329 928 4394 Puresretsr]
944 4330 1008 4393 Pro,
1028 4327 1201 4380 abstineretur
1219 4343 1236 4378 u

133 4417 222 4456 cocco.
255 4406 440 4472 Etueluusests,
453 4409 502 4460 etsi
514 4409 663 4475 proquovis
704 4409 833 4472 cudibus,
842 4407 975 4460 incendiis.
