3259 5225
413 513 501 584 ttius
885 529 919 578 u.
943 529 1038 579 nrvrr

414 676 654 760 intentiusque,
683 695 782 761 quum
804 676 972 760 prioribus
994 677 1092 742 annis
1112 677 1291 762 quisquam
1317 675 1514 742 meminerat

414 779 578 845 habitum.
620 777 713 844 Nam
741 787 777 844 et
801 780 883 845 beili
905 785 1009 844 terror
1031 779 1227 862 duplicatus
1251 780 1331 845 noui
1349 780 1457 845 bustis
1476 780 1513 844 in

416 882 548 949 Italiam
563 881 731 961 adventu3
754 889 787 946 et
806 883 915 946 minus
923 883 1110 966 juventutis
1125 888 1208 960 erut,
1228 882 1319 947 unde
1333 883 1516 947 scriberent

415 986 549 1052 milites.
593 985 716 1070 Itaque
734 984 875 1050 colonos
896 983 999 1049 etium
1021 986 1217 1063 maritimos,
1237 985 1296 1070 qui
1319 1002 1515 1050 morumne·

416 1095 484 1153 tam
500 1087 708 1153 secutionem
723 1085 920 1152 dicebantur
931 1085 1081 1165 haben:
1100 1086 1181 1152 dam
1200 1089 1325 1152 milites
1339 1088 1514 1170 cogebant.

418 1189 555 1268 Quibus
569 1189 811 1267 recusantibus,
828 1188 966 1253 edixere
980 1188 1016 1253 iu
1030 1187 1120 1255 diem
1134 1197 1272 1269 eertum,
1283 1198 1331 1268 ut,
1341 1209 1410 1275 qun
1422 1191 1516 1274 quis·

417 1311 483 1376 que
493 1291 570 1376 jure
586 1291 798 1357 vacationem
812 1291 958 1368 baberet,
973 1289 1017 1354 ud
1028 1301 1181 1357 senatum
1196 1291 1365 1359 deterret.¹
1397 1291 1451 1357 Eu
1460 1290 1516 1356 die

346 1449 348 1454 .
416 1394 451 1460 bi
466 1394 585 1479 populi
599 1393 642 1458 ad
660 1397 811 1458 senatum
830 1400 1011 1458 venerunt:
1036 1393 1232 1475 Ostiensis,l
1246 1393 1428 1472 Alsiensis,
1443 1392 1517 1458 An·

417 1497 498 1576 tius,
519 1495 716 1575 Anxurus
739 1495 991 1575 Minturnensis,
1014 1496 1252 1579 Sinuessanus,
1271 1505 1306 1564 et
1326 1498 1372 1565 ab
1394 1515 1516 1582 supere

416 1601 502 1665 muri
518 1599 689 1666 Senensis.
733 1597 819 1666 Cum
837 1600 1031 1664 vacationes
1045 1621 1126 1667 suas
1139 1602 1283 1688 quisque
1298 1600 1447 1684 pupulus
1467 1619 1517 1664 re·

417 1704 538 1768 citaret
551 1723 561 1784 ;
574 1701 708 1782 nuliius,
724 1720 800 1767 cnm
815 1705 849 1767 in
864 1702 967 1768 Italia
981 1703 1090 1769 hostis
1104 1709 1204 1783 esset,
1213 1711 1336 1788 preter
1347 1702 1518 1768 Antiatem

417 1803 687 1891 Ostiensemque,
702 1807 836 1872 vacatio
851 1808 1028 1874 observata
1042 1813 1116 1888 est3
1134 1815 1170 1872 et
1183 1827 1297 1872 eurum
1310 1805 1518 1872 coloniarum

413 1907 565 1992 juniores
575 1907 653 1992 jure
665 1907 811 1992 jurando
826 1908 953 1987 educti,
973 1928 1077 1994 supra
1095 1909 1168 1975 dies
1184 1910 1342 1993 triginta⁸
1361 1929 1428 1974 non
1442 1927 1520 1992 per·

418 2015 612 2077 noctuturos
627 2031 665 2076 se
681 2029 758 2076 esse
769 2019 869 2076 extre
884 2012 1011 2078 moenia
1025 2013 1169 2081 coloniae
1184 2033 1267 2092 suoe,
1282 2013 1392 2079 donee
1406 2011 1519 2077 bustis

419 2113 453 2177 in
479 2114 580 2180 ltalia
595 2120 737 2180 ·esset.¹⁹
780 2114 867 2180 Cum
896 2134 1013 2182 omnes
1037 2124 1222 2196 censerent,
1250 2115 1358 2203 primo
1381 2131 1519 2202 quoque

878 2312 937 2334 0000
940 2313 1058 2335 00000000

453 2451 484 2497 li
506 2447 580 2512 Couj.
603 2445 685 2496 Grau.
701 2446 843 2511 Annum,
864 2454 895 2496 ut
913 2447 1042 2500 'liburnus
1062 2463 1078 2498 s
1097 2448 1206 2500 Tiburi:
1227 2448 1303 2513 preb.
1324 2447 1437 2511 Rupest.
1457 2445 1521 2496 Pst.

419 2513 559 2562 Asamus.
596 2511 708 2561 Palatia.
720 2513 787 2562 slter
800 2512 939 2572 assensu
954 2515 1020 2563 ulter
1033 2514 1233 2565 Amen-li
1250 2523 1257 2544 ⁴
1271 2515 1439 2563 irationem
1450 2510 1520 2560 illem

420 2592 470 2629 nun
481 2577 692 2640 semperdusbus
707 2577 813 2627 eoleniir
826 2594 840 2628 a
852 2586 945 2628 seustu
963 2578 1051 2630 datsrn
1067 2594 1134 2643 esse,
1151 2589 1224 2644 patet
1245 2594 1277 2629 ea
1296 2591 1393 2629 xxxvi.
1409 2581 1435 2628 ⁸.
1451 2591 1522 2640 ceps

418 2644 577 2709 qnadraginta
587 2645 636 2708 (se.
643 2642 775 2710 juniores)
785 2643 889 2710 quidam
900 2645 965 2695 Mss-
977 2646 1051 2710 prob.
1062 2646 1158 2711 Sigon!
1175 2646 1277 2710 liupert-
1320 2646 1383 2695 Vst.
1394 2643 1441 2696 lib.
1451 2641 1521 2707 spud

915 2825 1027 2877 NOTAE

453 2964 465 2991 ¹
484 2954 534 3013 Qui
550 2958 722 3005 sauromatum
733 2956 879 3007 sautum
891 2957 953 3006 diss·
995 2956 1110 3007 deductu
1121 2956 1210 3008 iuerat
1220 2972 1228 3006 r
1239 2956 1316 3007 Seue
1326 2954 1395 3005 enim
1407 2953 1434 3004 iu
1446 2952 1523 3003 Etru·

420 3036 507 3086 mur
526 3035 622 3099 iubere]
638 3036 802 3087 Culunisrum
815 3037 954 3088 maritima·
994 3034 1032 3083 ris
1044 3034 1134 3097 procul
1151 3034 1185 3084 ab
1200 3040 1311 3097 utruque
1322 3032 1399 3092 mari,
1414 3036 1446 3079 ut
1455 3030 1524 3079 culo·

420 3116 634 3167 rmnrseationes
645 3116 700 3165 sive
712 3115 954 3181 immunitates,(ns
994 3111 1045 3161 uiis
1063 3111 1197 3162 maritimis
1214 3108 1381 3160 annumerari
1396 3121 1448 3157 nen
1467 3120 1524 3172 pes·

419 3194 521 3244 scilieet
538 3194 613 3243 inriti
629 3198 785 3256 cogerentur
795 3193 891 3242 milites
904 3194 955 3243 llu-
994 3188 1055 3239 sint.

420 3271 504 3320 manis
521 3270 605 3331 dare,)
620 3268 950 3325 mmmmdicebsntnr,
1022 3265 1130 3329 'Suum
1147 3265 1199 3315 dies
1216 3261 1332 3326 euius]
1348 3260 1436 3310 Aliter
1454 3265 1524 3310 uete-

421 3344 491 3408 qrrud
508 3344 679 3409 jurejarando
696 3356 802 3395 seuerus
818 3353 848 3394 et
859 3346 951 3409 pupuli
991 3355 1034 3391 res
1052 3340 1111 3391 iibri
1126 3355 1160 3391 ex
1181 3341 1236 3405 sig.
1259 3339 1332 3405 (naar
1350 3350 1399 3401 pru
1420 3335 1525 3399 trigists

420 3420 533 3471 firmata
553 3426 650 3471 essent.
685 3421 744 3472 Huc
763 3436 826 3471 reru
845 3423 952 3485 privile·
994 3413 1472 3483 scribuntqssdrssisls,preterutisse
1484 3428 1525 3461 vn·

422 3496 492 3561 giam
505 3497 568 3563 ipsis
583 3512 732 3548 concessum
745 3495 832 3547 iuerat
844 3507 954 3562 prepter
993 3494 1088 3545 eubule
1108 3493 1174 3560 dies)
1190 3492 1299 3554 liabent,
1311 3490 1421 3552 Mores
1430 3486 1526 3550 ,ἔπι-η’»

422 3574 603 3625 necessitatem
627 3575 716 3625 intendi
738 3575 863 3625 adsersus
884 3576 955 3640 piru·
993 3571 1160 3621 missumst
1173 3565 1527 3633 sinqudrfflstssesper-

422 3657 508 3701 terum
524 3650 687 3715 inutilemque
704 3652 833 3701 incursum
849 3652 954 3702 littoris.
994 3652 1133 3699 ssctstsrss
1150 3652 1225 3698 eetrs
1239 3644 1327 3697 mnu
1344 3642 1444 3693 micuit
1457 3654 1528 3697 sitsi

423 3726 490 3778 Vide
502 3728 557 3779 Cic.
565 3742 612 3793 pru
622 3727 699 3778 Corn.
709 3728 810 3791 Balbe,
821 3728 954 3794 Hyginum
996 3726 1034 3777 sic
1051 3741 1172 3776 numerus
1191 3738 1243 3775 uun
1261 3722 1294 3773 sd
1312 3730 1415 3785 tempus
1429 3716 1528 3770 refere-

422 3804 456 3855 de
467 3804 571 3855 limitib.
997 3812 1050 3868 tur,
1062 3802 1132 3869 quud
1150 3816 1211 3852 sune
1229 3798 1377 3851 diuturnius
1394 3794 1497 3858 linisset,
1508 3794 1529 3843 si

455 3890 468 3917 ¹
486 3880 526 3932 Ad
537 3882 767 3945 semendeimei]
782 3883 891 3945 supple.
909 3897 957 3947 per
996 3882 1078 3931 cuiuis
1101 3880 1218 3929 licuisset
1234 3878 1327 3928 abessa
1344 3888 1393 3939 per
1413 3886 1528 3923 mensem

423 3972 540 4021 zeugma,
558 3960 613 4023 J'ns,
629 3960 655 4007 iri
671 3969 722 4020 est,
734 3958 848 4018 tabulas,
865 3960 957 4024 quibus
997 3959 1145 4022 integrum,
1162 3955 1209 4006 sed
1227 3954 1260 4005 sd
1272 3952 1466 4019 ipsusculunus,
1483 3963 1528 3999 sea

420 4034 599 4105 iuscujusque
612 4036 719 4085 coloniae
732 4035 874 4086 nitebatur.
997 4036 1080 4091 cives,
1101 4048 1211 4099 qtturum
1226 4046 1277 4081 nun
1300 4030 1350 4080 nisi
1368 4026 1530 4093 qssdngiuts

456 4120 469 4155 1
488 4113 614 4175 Ostiensis,
624 4113 679 4177 lu]
696 4112 762 4165 Hsee
774 4113 957 4164 nuniinscoln-
997 4110 1139 4161 abnoctare
1151 4114 1276 4174 poterunt
1294 4107 1386 4157 eudem
1403 4114 1529 4168 tempure,

424 4190 535 4251 uiarum,
556 4206 614 4255 que
639 4192 665 4240 in
685 4206 731 4241 urs
755 4192 834 4251 Latii,
859 4193 956 4256 partim
999 4189 1107 4253 reliquis
1126 4187 1246 4238 omuibus
1262 4184 1404 4235 interdictu
1422 4181 1529 4232 denuc·

425 4268 504 4317 etism
517 4268 639 4331 Etruriu,
650 4270 705 4332 jum
717 4270 761 4319 diu
773 4269 955 4333 explicuimus.
999 4272 1025 4315 te
1046 4265 1130 4327 exitur,
1153 4277 1200 4328 per
1222 4263 1280 4311 bec
1302 4260 1448 4325 periculose
1466 4267 1530 4308 tem·

425 4344 544 4392 Senensis
565 4346 798 4410 intelligiturque
819 4346 844 4395 in
862 4346 956 4395 Senam
999 4358 1070 4409 pora.

425 4420 565 4478 Gallicum,
587 4422 618 4471 sd
635 4424 707 4473 littus
729 4424 806 4473 nutris
826 4423 956 4473 Adriatici
