3259 5225
414 548 502 615 2122
887 566 920 613 r.
946 566 1039 615 nrvrr

414 720 541 777 metum
552 718 575 759 '³
589 730 632 779 ac
645 710 913 796 desperationem
927 711 1016 777 hosti
1031 730 1067 775 se
1078 709 1248 793 dederent,
1261 711 1309 790 (id
1329 712 1420 797 quod
1434 718 1514 797 post

414 812 621 880 Cannensem
636 814 823 881 accidisset
837 812 992 893 cladem)
1003 818 1037 879 et
1051 821 1089 879 ut
1101 813 1292 881 desertores
1307 815 1350 881 de
1364 814 1513 881 exercitu

347 989 351 994 ,
413 915 574 983 volonum
598 918 845 1001 conquirerent.
889 915 984 981 Idem
1010 916 1135 999 negotii
1155 915 1195 981 Ρ.
1212 915 1368 983 Cornelio
1385 917 1513 995 datum,

415 1018 520 1085 uniet
533 1021 686 1087 delectus
699 1020 878 1087 mundatus
903 1024 992 1085 erut:
1014 1019 1113 1104 isque
1128 1039 1189 1104 per
1211 1018 1284 1086 lora
1306 1019 1515 1086 conciliabu-

414 1120 516 1207 laque
530 1122 650 1201 edixit,
663 1130 701 1189 ut
715 1121 917 1207 conquisitio
931 1122 1090 1189 volonum
1106 1119 1212 1200 fieret,
1235 1123 1329 1207 iique
1354 1124 1398 1189 ed
1415 1125 1515 1205 signa

413 1226 660 1293 reducerentur.
702 1220 793 1291 Herc
820 1224 934 1291 omnia
960 1223 1183 1291 intentissime
1206 1244 1286 1291 cura
1309 1233 1402 1292 acta.
1448 1226 1515 1310 Ap.

414 1328 581 1394 Claudius
595 1327 727 1406 consul,
746 1327 792 1393 D.
803 1326 826 1393 J
829 1327 904 1393 uuio
921 1326 965 1392 ad
979 1328 1104 1392 ostium
1117 1326 1290 1407 Vulturni,
1306 1329 1357 1394 Μ.
1374 1328 1514 1395 Aurelio

412 1430 518 1497 Cotta
532 1430 690 1497 Puteolis
712 1429 912 1515 praeposito,
934 1430 1003 1515 qui,
1019 1435 1057 1496 ut
1071 1450 1218 1517 quaeque
1234 1450 1339 1498 neves
1353 1451 1399 1497 ex
1416 1430 1516 1495 Etru-

411 1534 465 1600 ria
475 1553 517 1599 ac
533 1533 689 1599 Sardinia
701 1525 934 1611 accessissent,
957 1533 1127 1618 extemplo
1149 1534 1183 1598 in
1207 1542 1322 1601 cestro
1346 1534 1515 1599 mitterent

411 1637 620 1714 frumentum,
640 1636 716 1719 ipse
737 1635 780 1700 ad
801 1634 956 1720 Capuam
972 1656 1157 1718 regressus,
1177 1634 1224 1716 Q.
1241 1636 1400 1703 Fuluium
1413 1638 1516 1703 colle-

411 1759 489 1823 gam
503 1738 632 1805 invenit
646 1738 802 1818 Casilini,
825 1738 939 1804 omnia
956 1738 1034 1804 inde
1058 1746 1247 1823 portantem
1257 1743 1284 1788 ¹4
1305 1739 1514 1805 molientem·

411 1862 480 1927 que
495 1841 539 1907 ad
555 1840 814 1927 oppugnandam
827 1840 994 1927 Capuam.
1032 1842 1120 1907 Turn
1137 1844 1237 1908 ambo
1250 1848 1275 1890 ¹⁵
1289 1842 1516 1908 circumsede-

410 1950 486 2010 runt
501 1944 626 2023 urbem,
649 1950 684 2009 et
707 1943 893 2010 Claudiurn
911 1945 1082 2011 Neronem
1095 1952 1274 2029 praetorem
1290 1945 1334 2010 ab
1348 1944 1517 2009 Suessula

411 2066 456 2113 ex
470 2045 668 2112 Claudianis
679 2047 822 2113 castris⁰
842 2048 1052 2113 exciverunt.
1096 2046 1134 2113 ls
1154 2066 1299 2132 quoque,
1315 2046 1454 2111 modico
1470 2046 1516 2111 ibi

410 2149 575 2233 presidio
587 2149 632 2215 ad
652 2148 830 2215 tenendum
843 2147 869 2189 ¹⁶
889 2151 1003 2215 locurn
1021 2149 1148 2223 relicto,
1174 2150 1293 2215 ceteris
1321 2150 1479 2213 omnibus
1492 2156 1516 2197 ¹⁷

413 2251 526 2335 copiis
542 2249 586 2317 sd
600 2248 753 2337 Capuam
768 2250 953 2317 descendit.
999 2250 1056 2317 Ita
1072 2252 1136 2317 trie
1151 2252 1313 2337 praetoria
1330 2251 1424 2317 circa
1450 2250 1515 2317 Ca-

411 2372 517 2437 puam
531 2363 656 2432 erecta,
666 2361 734 2418 tres
748 2358 782 2419 et
792 2352 1002 2431 exercitus,¹⁸
1026 2353 1170 2420 diversis
1184 2355 1338 2439 pertibus
1352 2373 1445 2437 opus
1459 2372 1515 2436 ug·

411 2455 531 2539 gressi,
546 2456 641 2521 fossa
655 2457 809 2541 valloque
824 2457 1030 2522 circumdare
1046 2458 1160 2521 urbem
1171 2461 1300 2542 parant,
1320 2464 1356 2521 et
1370 2455 1517 2521 eustolia

411 2559 564 2626 oscitant
577 2560 721 2627 modicis
744 2557 978 2640 intervellis;⁹
1000 2558 1181 2644 multisque
1200 2558 1300 2624 simul
1324 2558 1411 2625 locis
1438 2579 1516 2625 cnm

410 2663 666 2748 prohibentibus
686 2682 793 2749 opera
808 2663 996 2747 Campanis
1008 2680 1051 2726 eo
1066 2669 1186 2728 eventu
1198 2669 1356 2747 pugnant,
1372 2667 1409 2728 ut
1436 2681 1517 2747 pos-

411 2773 518 2831 tremo
533 2767 639 2852 portis
653 2785 815 2851 muroque
835 2784 874 2830 se
895 2763 1080 2830 contineret
1094 2763 1301 2848 Campanus.
1345 2764 1451 2830 Prius
1466 2773 1516 2829 ta-

408 2888 499 2947 men,
511 2887 612 2954 quam
627 2868 701 2935 baec
716 2867 995 2934 continuarentur
1009 2886 1126 2950 opera,
1140 2867 1243 2950 legati
1269 2867 1314 2932 ud
1334 2867 1516 2934 Hanniba·

407 2970 477 3035 lem
492 2972 602 3050 missi,
623 2972 683 3054 qui
706 2977 930 3054 quererentur,
957 2968 1123 3034 desertum
1149 2970 1257 3035 abeo
1283 2967 1451 3054 Capuam,
1476 2989 1516 3034 ac

407 3092 515 3157 prope
531 3072 696 3138 redditam
712 3072 896 3154 Romanis3
919 3073 1250 3156 obtestarenturque,
1275 3077 1314 3137 ut
1339 3079 1422 3137 tunc
1450 3074 1516 3138 sal·

407 3181 476 3238 tem
489 3183 516 3227 ¹⁹
538 3195 639 3259 opem
653 3194 719 3240 non
734 3174 967 3240 circumsessis
983 3175 1096 3254 modo,
1112 3173 1169 3239 sed
1194 3176 1296 3240 etiem
1312 3175 1515 3242 circumval-

409 3277 503 3356 latis,
527 3277 639 3344 ferret.
683 3277 891 3344 Consulibus
911 3278 1043 3344 literoet
1067 3298 1089 3344 a
1116 3278 1157 3344 P.
1183 3275 1338 3344 Cornelio
1367 3289 1515 3365 praetore

869 3473 1050 3499 ‘multu

411 3627 583 3676 Gronau-lt
600 3625 661 3676 Vnt.
673 3626 719 3676 lib.
734 3627 803 3692 apud
815 3629 904 3692 Sigon.
918 3643 950 3678 ne
965 3629 1006 3693 qui
1021 3643 1065 3692 per
1080 3629 1242 3678 κείω-14
1261 3625 1369 3676 Casilino
1379 3629 1462 3678 ensis
1473 3630 1516 3678 irs·

405 3696 541 3754 mutes
557 3691 625 3740 Edd.
637 3699 700 3742 ante
717 3694 866 3744 θιὼ-15
883 3694 961 3745 Anto
971 3695 1076 3744 omn·
1086 3693 1155 3743 Edd.
1167 3699 1229 3742 unte
1241 3691 1429 3743 cretton-ld
1445 3695 1516 3744 Olim

404 3756 517 3820 meldis
532 3757 566 3804 sd
584 3759 770 3808 tandm-lt
791 3760 853 3807 cns
869 3760 955 3810 ceteris
972 3759 1078 3809 omnibus
1095 3757 1164 3808 Edd.
1184 3763 1245 3807 unte
1264 3756 1449 3808 Crocon—18
1474 3759 1516 3808 ΑΙ.

406 3826 457 3872 “a
469 3820 667 3872 mmo-¹⁰
683 3823 759 3889 conju
771 3823 882 3889 Rupefts
899 3829 925 3874 a
936 3839 999 3874 m
1008 3837 1029 3876 's

905 3983 1012 4037 NOTAE

437 4084 450 4110 ⁰
466 4079 509 4127 lis
520 4079 662 4130 Claudianis
674 4079 774 4145 ωίνὶι]
789 4082 857 4134 Qum
868 4083 936 4133 scili·
978 4079 1061 4146 mltis]
1081 4083 1245 4133 Munimeuts
1262 4082 1318 4134 bac
1337 4082 1363 4131 in
1382 4083 1514 4136 mium!

404 4158 449 4202 cet
465 4161 526 4204 unte
543 4154 644 4221 aliquot
661 4171 742 4208 anuos
761 4160 861 4209 mnnita
881 4157 937 4209 lue·
976 4159 1142 4209 castellorum
1153 4158 1260 4210 formum
1271 4159 1367 4208 normis
1379 4159 1513 4222 dicuutur,

404 4235 464 4280 rant
474 4243 491 4280 ι
501 4231 540 4281 tl.
550 4232 813 4297 Claudioblarcell03
829 4249 936 4286 nomeu·
976 4237 1018 4285 des
1034 4236 1126 4295 Fortu
1142 4244 1171 4285 rt
1188 4237 1210 4285 si
1227 4237 1378 4300 ungentium
1392 4237 1457 4299 sint,
1473 4237 1516 4284 des

405 4319 456 4371 qne
470 4306 555 4357 adbuc
566 4308 723 4374 retinebant,
734 4320 847 4376 pretore
860 4313 937 4364 Cluu·
977 4315 1117 4374 Resinam
1133 4315 1203 4364 inter
1214 4314 1271 4365 line
1281 4314 1435 4365 continuato
1446 4315 1514 4364 rullo

404 4380 579 4433 dioNerune.
630 4413 633 4418 -
704 4420 713 4432 .
976 4389 1113 4455 perficitur
1124 4391 1337 4441 circumvallatio.

437 4458 502 4508 est
519 4460 734 4513 maellsescitsrt
750 4464 849 4516 mun
863 4465 935 4517 buer-
1009 4467 1181 4522 iemalibus
1199 4467 1284 4524 litem
1305 4465 1361 4532 dre]
1386 4467 1511 4524 Senatus,
