3259 5225
373 525 462 593 2196
850 539 885 588 r.
909 537 1005 588 urvrr

373 691 513 766 tantum,
535 689 690 769 tunquam
714 683 840 762 urbem,
866 683 1020 768 Gepnom
1039 680 1305 765 frequentarique
1325 680 1474 765 plocuitz

373 809 497 875 eorpus
505 786 632 852 nullum
646 785 809 864 civitatis,
822 804 886 850 neu
899 782 1078 864 senatus,¹⁶
1092 801 1153 849 neo
1163 784 1272 867 plebis
1283 783 1474 862 concilium,

373 911 434 956 nee
449 890 664 973 magistratus
679 909 764 954 esse.
807 889 890 953 Siue
913 887 1055 953 oonsilio
1077 887 1224 971 publico,
1242 887 1314 952 sine
1333 887 1474 971 imperio

374 992 628 1064 multitudinem,
641 991 767 1057 nullius
781 991 831 1058 rei
845 992 930 1057 iuter
944 1011 981 1056 se
996 991 1136 1066 sociem,
1151 990 1196 1055 od
1211 1009 1414 1056 consensum
1426 989 1475 1057 in·

373 1095 521 1162 habilem
550 1093 630 1161 fore.
674 1093 877 1160 Praefectum
901 1093 945 1160 od
961 1093 1040 1178 jure
1068 1093 1257 1159 reddendo·
1289 1094 1333 1159 eb
1362 1091 1476 1158 Romo

375 1198 557 1285 quotunnis
571 1198 747 1264 missuros.
790 1196 846 1263 lta
863 1196 907 1262 od
922 1196 1077 1281 Genuam
1096 1215 1150 1261 res
1169 1196 1381 1279 compositus,
1395 1215 1476 1260 eon·

376 1301 456 1366 silio
471 1301 515 1366 sb
529 1300 621 1365 omni
638 1306 734 1385 perte
746 1299 922 1365 lundobili.
965 1299 1087 1364 Severe
1107 1303 1140 1363 et
1155 1297 1305 1362 celeriter
1315 1298 1350 1362 in
1367 1297 1475 1363 mexi-

375 1423 430 1468 me
452 1402 578 1470 noxios
599 1404 886 1468 animadversum:
908 1400 1086 1467 multitudo
1110 1401 1235 1466 civium
1257 1398 1422 1483 dissipatu
1441 1399 1476 1465 in

375 1505 503 1572 nullum
528 1524 622 1589 spem
645 1505 791 1572 reditus:
811 1525 879 1571 nou
896 1505 1055 1572 saevitum
1074 1503 1237 1570 incendiis
1252 1502 1425 1588 ruinisque
1442 1503 1477 1568 iu

376 1613 468 1677 tectu
481 1607 620 1674 innoxie
628 1628 809 1693 murosque
822 1631 830 1674 ε
853 1617 974 1676 etcum
985 1607 1208 1674 emolumento
1220 1607 1365 1692 quoesite
1373 1605 1476 1672 etium

378 1711 469 1796 epod
481 1712 595 1776 socios
619 1711 768 1778 lenitatis
788 1711 922 1796 species
942 1711 1172 1778 incolumitate
1189 1709 1284 1775 urbis
1306 1709 1476 1774 nobilissi-

376 1833 443 1879 mee
463 1811 813 1898 opulentissimusque„
826 1815 924 1900 eujus
944 1815 1047 1880 ruinis
1066 1815 1177 1878 omnis
1194 1812 1394 1896 Componis,
1408 1831 1479 1878 om·

310 1962 314 1974 ,
377 1933 451 1994 nes,
466 1916 526 1998 qni
538 1913 760 2000 companium
780 1916 872 1982 circe
892 1916 1061 1993 occulunt,
1083 1914 1200 1999 populi
1217 1913 1476 1996 ingemuissent:

379 2015 550 2081 confessio
565 2034 733 2099 expresso
749 2016 850 2096 hosti,
866 2023 993 2102 quuntu
1012 2018 1066 2083 vis
1081 2019 1116 2082 in
1134 2015 1299 2082 Romanis
1314 2015 1359 2080 od
1372 2035 1478 2100 expe-

379 2116 498 2183 tendus
520 2135 641 2201 poenos
665 2118 709 2184 ub
728 2117 922 2184 infidelibus
937 2119 1054 2199 sociis,
1069 2127 1103 2186 et
1117 2138 1221 2202 quam
1235 2118 1318 2184 nihil
1332 2118 1366 2183 in
1383 2117 1478 2182 Hon-

379 2219 495 2285 nibele
509 2219 630 2285 auxilii
643 2219 686 2287 etl
702 2226 857 2305 receptos
872 2219 906 2285 in
922 2219 1022 2286 fidem
1034 2220 1178 2286 tuendos
1194 2227 1295 2284 esset.

423 2321 477 2387 17.
498 2319 647 2402 Romani
666 2319 818 2399 Patres,b
839 2321 1045 2406 perfuncti,¹⁷
1069 2321 1160 2407 quod
1183 2321 1226 2386 ud
1249 2319 1404 2407 Capuam
1427 2327 1477 2387 et·

379 2423 518 2503 tinebot,
533 2423 643 2504 cure,⁴
663 2421 730 2489 (δέ’
754 2421 885 2488 Neroni
908 2443 951 2489 ex
975 2424 1019 2489 iis
1035 2424 1164 2490 duobus
1178 2424 1378 2506 legionibus,
1393 2443 1479 2510 quus

382 2525 426 2590 od
441 2523 594 2611 Capuam
609 2525 782 2599 habuerat,
797 2545 861 2591 sex
875 2526 982 2592 millio
992 2528 1142 2612 perlitum
1158 2533 1192 2592 et
1202 2535 1369 2592 trecentos
1384 2527 1479 2612 equi·
1539 2555 1541 2560 v

382 2638 447 2709 tes,
459 2647 546 2712 quos
559 2629 635 2712 ipse
649 2627 804 2711 legisset,
819 2636 855 2693 et
875 2630 1005 2695 socium
1031 2629 1143 2695 hutini
1165 2630 1305 2695 nominis
1328 2629 1478 2715 peditum

381 2750 552 2798 numerum
574 2750 691 2815 potem
716 2739 753 2797 et
776 2732 988 2816 octingentos
1013 2733 1142 2818 equites
1159 2732 1351 2799 docemunt.
1396 2730 1480 2797 Eum

380 2834 562 2899 exereitum
577 2832 732 2899 Puteolis
743 2834 778 2897 in
792 2835 1101 2919 nevesirnpositum
1118 2834 1260 2901 Neruio
1276 2836 1481 2920 Hispaniam

383 2936 634 3020 transportavit.
677 2935 765 3003 Cum
790 2936 1035 3004 Turrucoueme
1066 2938 1211 3005 novibus
1235 2940 1396 3017 venisset,
1423 2958 1482 3004 ex·

414 3108 428 3143 ¹¹
445 3112 765 3179 cmmutqqumuu
777 3117 895 3181 Capuan.

842 3262 1024 3287 oneum

417 3358 446 3405 lt
465 3354 597 3418 Octoginta
616 3355 643 3405 iu
663 3356 816 3422 quibusdum
834 3360 969 3415 Etim-lii
985 3364 994 3393 ‘
1008 3364 1059 3415 Nee
1079 3370 1185 3416 mium
1201 3364 1226 3415 iu
1244 3362 1397 3429 quibusdum
1418 3363 1482 3415 libb.

384 3419 450 3469 Me..
462 3428 489 3470 et
501 3420 567 3471 sud.
580 3428 645 3472 vett.
657 3423 726 3487 opud
736 3424 872 3477 Drakenb.
882 3430 951 3492 quorl
964 3429 1153 3494 proterendum
1166 3430 1288 3480 videtur!
1304 3430 1424 3493 During.

418 3488 447 3534 rt
463 3485 577 3562 {Merito
594 3497 726 3564 suspectus
744 3489 838 3550 Piqlriu
853 3494 933 3550 locus,
948 3496 992 3559 qni
1009 3504 1096 3545 teuton
1114 3496 1210 3545 fruetus
1221 3500 1317 3553 tentet.
1328 3495 1411 3545 mura
1428 3508 1483 3557 pn·

382 3548 514 3627 omne
521 3550 664 3630 perfuncta,
675 3560 703 3603 et
712 3556 880 3609 dmum.
913 3558 987 3611 Unus
999 3560 1065 3610 Pell.
1072 3569 1202 3625 pretores:
1219 3563 1295 3623 oller,
1307 3560 1369 3609 l’nt.
1381 3574 1483 3609 omues·

382 3628 434 3677 que
442 3614 583 3693 Gallicum,
592 3618 667 3691 Voss.
679 3618 783 3669 Romi
791 3627 873 3683 putres
880 3623 1008 3687 uersuti.
1028 3628 1100 3677 ,Nee
1112 3626 1204 3675 dubito
1213 3626 1250 3675 sic
1262 3624 1404 3688 refingere:
1414 3638 1484 3680 nem,

383 3679 453 3745 quod
464 3678 498 3731 rle
506 3680 558 3731 lllu
568 3679 686 3743 effertur,
695 3692 800 3735 senetur
809 3696 877 3751 erut,
887 3702 936 3741 uon
946 3692 1128 3755 proconsulum
1140 3689 1279 3742 videlieet.'
1295 3690 1324 3739 J.
1333 3690 1365 3741 F.
1376 3690 1483 3741 omos.

882 3850 992 3903 Nom

415 3942 592 4005 ·Proefectuur
606 3944 708 4008 edim
721 3947 852 4013 radendo]
869 3950 915 4001 Sic
948 3957 1084 4015 oranter:
1112 3966 1171 4003 uem
1190 3967 1248 4015 quie
1268 3956 1412 4015 sequuntur
1432 3964 1484 4002 nou

384 4022 410 4071 in
423 4020 603 4086 pmseeturum
612 4025 828 4089 senectutisque.
845 4028 914 4079 Quiri
956 4034 1056 4080 tuntum
1084 4028 1118 4078 ed
1145 4029 1354 4093 magistratuum,
1380 4028 1426 4078 sed
1451 4028 1484 4079 sd

384 4096 482 4147 «listent
499 4098 631 4148 ecolouiis
648 4107 676 4149 et
687 4100 836 4167 municipiis
848 4116 916 4167 pre·
955 4102 1035 4153 tutius
1044 4111 1147 4154 senetur
1156 4119 1244 4155 currem
1255 4103 1429 4169 pertinebant.

385 4170 504 4234 fectum,
515 4173 577 4223 alibi
591 4174 757 4227 observatum
768 4184 820 4229 eet·
987 4188 999 4217 ⁶
1016 4181 1183 4246 lismensem]
1200 4182 1270 4233 Urbs
1281 4182 1411 4231 maritimo
1424 4180 1486 4231 llis·

416 4248 550 4299 ineunt
566 4249 666 4316 Putm]
682 4253 725 4303 ltu
741 4253 804 4305 Put.
821 4256 916 4309 ueteri·
956 4256 1059 4323 penta:
1077 4257 1132 4309 'diu
1153 4260 1276 4324 princeps
1297 4257 1348 4310 init
1364 4258 1485 4316 mtrem.

385 4338 436 4388 que
447 4324 540 4375 Gulllel
550 4325 617 4378 stu.
627 4328 719 4380 melius
727 4344 805 4395 quum
815 4332 860 4396 qui
869 4333 915 4383 lru·
954 4334 1105 4401 Scipionum
1123 4350 1209 4403 opum
1232 4336 1285 4389 rol.
1302 4338 1442 4401 mm
1457 4336 1486 4387 in

387 4400 451 4451 lent
464 4398 735 4473 emin-omre,
750 4414 797 4459 sot
811 4408 916 4461 Remi
954 4410 1099 4463 Cetulontu.
