<?xml version="1.0" encoding="UTF-8"?>
<!DOCTYPE html PUBLIC "-//W3C//DTD XHTML 1.0 Transitional//EN"
    "http://www.w3.org/TR/xhtml1/DTD/xhtml1-transitional.dtd">
<html xmlns="http://www.w3.org/1999/xhtml" xml:lang="en" lang="en">
 <head>
  <title>
</title>
<meta http-equiv="Content-Type" content="text/html;charset=utf-8" />
  <meta name='ocr-system' content='tesseract 3.04.00' />
  <meta name='ocr-capabilities' content='ocr_page ocr_carea ocr_par ocr_line ocrx_word'/>
</head>
<body>
  <div class='ocr_page' id='page_1' title='image "./tliviipatavinih04rupegoog_0056.png"; bbox 0 0 3259 5225; ppageno 0'>
   <div class='ocr_carea' id='block_1_1' title="bbox 430 498 1053 567">
    <p class='ocr_par' dir='ltr' id='par_1_1' title="bbox 430 498 1053 567">
     <span class='ocr_line' id='line_1_1' title="bbox 430 498 1053 567; baseline -0.003 -2"><span class='ocrx_word' id='word_1_1' title='bbox 430 498 519 567; x_wconf 78' lang='lat'>2118</span> <span class='ocrx_word' id='word_1_2' title='bbox 895 514 931 563; x_wconf 85' lang='lat' dir='ltr'><strong>r.</strong></span> <span class='ocrx_word' id='word_1_3' title='bbox 955 514 1053 565; x_wconf 82' lang='lat' dir='ltr'><strong>nrvrr</strong></span> 
     </span>
    </p>
   </div>
   <div class='ocr_carea' id='block_1_2' title="bbox 353 656 1528 3507">
    <p class='ocr_par' dir='ltr' id='par_1_2' title="bbox 353 656 1528 3507">
     <span class='ocr_line' id='line_1_2' title="bbox 430 656 1521 745; baseline 0 -17"><span class='ocrx_word' id='word_1_4' title='bbox 430 679 543 745; x_wconf 79' lang='lat' dir='ltr'><strong>agrum</strong></span> <span class='ocrx_word' id='word_1_5' title='bbox 553 657 749 736; x_wconf 83' lang='lat' dir='ltr'><strong>Cumanum,</strong></span> <span class='ocrx_word' id='word_1_6' title='bbox 761 656 928 725; x_wconf 82' lang='lat' dir='ltr'><strong>Claudius</strong></span> <span class='ocrx_word' id='word_1_7' title='bbox 942 659 979 724; x_wconf 92' lang='lat' dir='ltr'><strong>iu</strong></span> <span class='ocrx_word' id='word_1_8' title='bbox 993 660 1153 726; x_wconf 84' lang='lat' dir='ltr'><strong>Lucanos</strong></span> <span class='ocrx_word' id='word_1_9' title='bbox 1167 658 1279 726; x_wconf 85' lang='lat' dir='ltr'><strong>abiit.⁷</strong></span> <span class='ocrx_word' id='word_1_10' title='bbox 1301 660 1443 727; x_wconf 85' lang='lat' dir='ltr'><strong>Postero</strong></span> <span class='ocrx_word' id='word_1_11' title='bbox 1455 662 1521 739; x_wconf 83' lang='lat' dir='ltr'><strong>(lie,</strong></span> 
     </span>
     <span class='ocr_line' id='line_1_3' title="bbox 430 750 1523 853; baseline 0 -22"><span class='ocrx_word' id='word_1_12' title='bbox 430 782 508 831; x_wconf 90' lang='lat' dir='ltr'><strong>com</strong></span> <span class='ocrx_word' id='word_1_13' title='bbox 522 780 630 828; x_wconf 84' lang='lat' dir='ltr'><strong>vacua</strong></span> <span class='ocrx_word' id='word_1_14' title='bbox 646 769 760 829; x_wconf 85' lang='lat' dir='ltr'><strong>castra</strong></span> <span class='ocrx_word' id='word_1_15' title='bbox 775 782 853 827; x_wconf 81' lang='lat' dir='ltr'><strong>essa</strong></span> <span class='ocrx_word' id='word_1_16' title='bbox 868 750 1120 829; x_wconf 83' lang='lat' dir='ltr'><strong>Romanorum⁸</strong></span> <span class='ocrx_word' id='word_1_17' title='bbox 1135 765 1320 830; x_wconf 89' lang='lat' dir='ltr'><strong>nuntiatum</strong></span> <span class='ocrx_word' id='word_1_18' title='bbox 1338 764 1523 853; x_wconf 74' lang='lat' dir='ltr'><strong>Hannibali</strong></span> 
     </span>
     <span class='ocr_line' id='line_1_4' title="bbox 429 864 1523 950; baseline -0.002 -19"><span class='ocrx_word' id='word_1_19' title='bbox 429 871 528 942; x_wconf 82' lang='lat' dir='ltr'><strong>esset,</strong></span> <span class='ocrx_word' id='word_1_20' title='bbox 550 870 583 931; x_wconf 87' lang='lat' dir='ltr'><strong>et</strong></span> <span class='ocrx_word' id='word_1_21' title='bbox 597 864 729 929; x_wconf 88' lang='lat' dir='ltr'><strong>dnobus</strong></span> <span class='ocrx_word' id='word_1_22' title='bbox 744 864 933 947; x_wconf 80' lang='lat' dir='ltr'><strong>agminibus</strong></span> <span class='ocrx_word' id='word_1_23' title='bbox 949 864 1104 930; x_wconf 86' lang='lat' dir='ltr'><strong>diversos</strong></span> <span class='ocrx_word' id='word_1_24' title='bbox 1126 866 1275 945; x_wconf 86' lang='lat' dir='ltr'><strong>abiisse;</strong></span> <span class='ocrx_word' id='word_1_25' title='bbox 1296 866 1441 931; x_wconf 86' lang='lat' dir='ltr'><strong>incertus</strong></span> <span class='ocrx_word' id='word_1_26' title='bbox 1455 866 1523 950; x_wconf 88' lang='lat' dir='ltr'><strong>pri·</strong></span> 
     </span>
     <span class='ocr_line' id='line_1_5' title="bbox 431 963 1525 1052; baseline -0.002 -19"><span class='ocrx_word' id='word_1_27' title='bbox 431 988 497 1045; x_wconf 87' lang='lat' dir='ltr'><strong>mo,</strong></span> <span class='ocrx_word' id='word_1_28' title='bbox 511 972 621 1033; x_wconf 89' lang='lat' dir='ltr'><strong>utrum</strong></span> <span class='ocrx_word' id='word_1_29' title='bbox 637 973 844 1051; x_wconf 84' lang='lat' dir='ltr'><strong>sequoretur,</strong></span> <span class='ocrx_word' id='word_1_30' title='bbox 859 966 1010 1052; x_wconf 85' lang='lat' dir='ltr'><strong>Appium</strong></span> <span class='ocrx_word' id='word_1_31' title='bbox 1020 963 1146 1033; x_wconf 84' lang='lat' dir='ltr'><strong>institit</strong></span> <span class='ocrx_word' id='word_1_32' title='bbox 1158 968 1267 1052; x_wconf 84' lang='lat' dir='ltr'><strong>sequi.</strong></span> <span class='ocrx_word' id='word_1_33' title='bbox 1298 967 1375 1048; x_wconf 90' lang='lat' dir='ltr'><strong>Ille,</strong></span> <span class='ocrx_word' id='word_1_34' title='bbox 1385 970 1525 1033; x_wconf 89' lang='lat' dir='ltr'><strong>circum·</strong></span> 
     </span>
     <span class='ocr_line' id='line_1_6' title="bbox 431 1069 1525 1156; baseline 0.001 -22"><span class='ocrx_word' id='word_1_35' title='bbox 431 1071 531 1137; x_wconf 88' lang='lat' dir='ltr'><strong>ducto</strong></span> <span class='ocrx_word' id='word_1_36' title='bbox 554 1069 663 1149; x_wconf 87' lang='lat' dir='ltr'><strong>busta,</strong></span> <span class='ocrx_word' id='word_1_37' title='bbox 692 1089 758 1153; x_wconf 90' lang='lat' dir='ltr'><strong>qua</strong></span> <span class='ocrx_word' id='word_1_38' title='bbox 783 1070 905 1147; x_wconf 85' lang='lat' dir='ltr'><strong>voluit,</strong></span> <span class='ocrx_word' id='word_1_39' title='bbox 934 1070 1004 1135; x_wconf 92' lang='lat' dir='ltr'><strong>alio</strong></span> <span class='ocrx_word' id='word_1_40' title='bbox 1027 1070 1144 1135; x_wconf 86' lang='lat' dir='ltr'><strong>itinere</strong></span> <span class='ocrx_word' id='word_1_41' title='bbox 1169 1070 1213 1135; x_wconf 85' lang='lat' dir='ltr'><strong>ad</strong></span> <span class='ocrx_word' id='word_1_42' title='bbox 1239 1070 1392 1156; x_wconf 82' lang='lat' dir='ltr'><strong>Capuam</strong></span> <span class='ocrx_word' id='word_1_43' title='bbox 1415 1070 1525 1136; x_wconf 74' lang='lat' dir='ltr'><strong>rediit.</strong></span> 
     </span>
     <span class='ocr_line' id='line_1_7' title="bbox 431 1172 1525 1257; baseline 0 -18"><span class='ocrx_word' id='word_1_44' title='bbox 431 1172 616 1239; x_wconf 79' lang='lat' dir='ltr'><strong>Hannibali</strong></span> <span class='ocrx_word' id='word_1_45' title='bbox 630 1173 699 1239; x_wconf 86' lang='lat' dir='ltr'><strong>alia</strong></span> <span class='ocrx_word' id='word_1_46' title='bbox 712 1174 744 1237; x_wconf 96' lang='lat' dir='ltr'><strong>in</strong></span> <span class='ocrx_word' id='word_1_47' title='bbox 759 1172 812 1238; x_wconf 88' lang='lat' dir='ltr'><strong>bis</strong></span> <span class='ocrx_word' id='word_1_48' title='bbox 826 1172 912 1239; x_wconf 86' lang='lat' dir='ltr'><strong>locis</strong></span> <span class='ocrx_word' id='word_1_49' title='bbox 926 1173 1012 1237; x_wconf 87' lang='lat' dir='ltr'><strong>beno</strong></span> <span class='ocrx_word' id='word_1_50' title='bbox 1026 1173 1177 1257; x_wconf 71' lang='lat' dir='ltr'><strong>gerenda</strong></span> <span class='ocrx_word' id='word_1_51' title='bbox 1191 1174 1242 1239; x_wconf 88' lang='lat' dir='ltr'><strong>rei</strong></span> <span class='ocrx_word' id='word_1_52' title='bbox 1263 1174 1396 1239; x_wconf 84' lang='lat' dir='ltr'><strong>iortuua</strong></span> <span class='ocrx_word' id='word_1_53' title='bbox 1409 1172 1525 1239; x_wconf 85' lang='lat' dir='ltr'><strong>obluta</strong></span> 
     </span>
     <span class='ocr_line' id='line_1_8' title="bbox 431 1274 1525 1357; baseline 0 -18"><span class='ocrx_word' id='word_1_54' title='bbox 431 1280 494 1341; x_wconf 86' lang='lat' dir='ltr'><strong>est.</strong></span> <span class='ocrx_word' id='word_1_55' title='bbox 537 1274 589 1339; x_wconf 89' lang='lat' dir='ltr'><strong>M.</strong></span> <span class='ocrx_word' id='word_1_56' title='bbox 609 1274 790 1340; x_wconf 82' lang='lat' dir='ltr'><strong>Centenius</strong></span> <span class='ocrx_word' id='word_1_57' title='bbox 812 1275 877 1340; x_wconf 82' lang='lat' dir='ltr'><strong>snit</strong></span> <span class='ocrx_word' id='word_1_58' title='bbox 899 1277 1096 1357; x_wconf 84' lang='lat' dir='ltr'><strong>cognomina</strong></span> <span class='ocrx_word' id='word_1_59' title='bbox 1117 1275 1256 1356; x_wconf 86' lang='lat' dir='ltr'><strong>Penula,</strong></span> <span class='ocrx_word' id='word_1_60' title='bbox 1276 1276 1417 1357; x_wconf 80' lang='lat' dir='ltr'><strong>insignia</strong></span> <span class='ocrx_word' id='word_1_61' title='bbox 1440 1277 1525 1340; x_wconf 88' lang='lat' dir='ltr'><strong>iuter</strong></span> 
     </span>
     <span class='ocr_line' id='line_1_9' title="bbox 430 1378 1524 1463; baseline -0.001 -21"><span class='ocrx_word' id='word_1_62' title='bbox 430 1378 587 1462; x_wconf 81' lang='lat' dir='ltr'><strong>primipili</strong></span> <span class='ocrx_word' id='word_1_63' title='bbox 609 1378 818 1443; x_wconf 79' lang='lat' dir='ltr'><strong>centuriones</strong></span> <span class='ocrx_word' id='word_1_64' title='bbox 840 1383 873 1443; x_wconf 91' lang='lat' dir='ltr'><strong>et</strong></span> <span class='ocrx_word' id='word_1_65' title='bbox 895 1378 1124 1461; x_wconf 80' lang='lat' dir='ltr'><strong>magnitudine</strong></span> <span class='ocrx_word' id='word_1_66' title='bbox 1145 1378 1297 1463; x_wconf 85' lang='lat' dir='ltr'><strong>corporis</strong></span> <span class='ocrx_word' id='word_1_67' title='bbox 1321 1384 1358 1443; x_wconf 87' lang='lat' dir='ltr'><strong>et</strong></span> <span class='ocrx_word' id='word_1_68' title='bbox 1386 1378 1524 1442; x_wconf 74' lang='lat' dir='ltr'><strong>auimo.⁹</strong></span> 
     </span>
     <span class='ocr_line' id='line_1_10' title="bbox 432 1479 1524 1566; baseline -0.003 -20"><span class='ocrx_word' id='word_1_69' title='bbox 432 1479 481 1559; x_wconf 84' lang='lat' dir='ltr'><strong>Ie,</strong></span> <span class='ocrx_word' id='word_1_70' title='bbox 496 1482 687 1565; x_wconf 78' lang='lat' dir='ltr'><strong>perfunctus</strong></span> <span class='ocrx_word' id='word_1_71' title='bbox 705 1482 835 1559; x_wconf 90' lang='lat' dir='ltr'><strong>militia,</strong></span> <span class='ocrx_word' id='word_1_72' title='bbox 854 1479 1174 1565; x_wconf 66' lang='lat' dir='ltr'><strong>pernumerem</strong></span> <span class='ocrx_word' id='word_1_73' title='bbox 1200 1481 1326 1566; x_wconf 80' lang='lat' dir='ltr'><strong>Syllam</strong></span> <span class='ocrx_word' id='word_1_74' title='bbox 1348 1486 1524 1564; x_wconf 72' lang='lat' dir='ltr'><strong>oratorem</strong></span> 
     </span>
     <span class='ocr_line' id='line_1_11' title="bbox 431 1581 1525 1666; baseline -0.001 -20"><span class='ocrx_word' id='word_1_75' title='bbox 431 1581 467 1646; x_wconf 89' lang='lat' dir='ltr'><strong>in</strong></span> <span class='ocrx_word' id='word_1_76' title='bbox 481 1588 631 1648; x_wconf 84' lang='lat' dir='ltr'><strong>senatum</strong></span> <span class='ocrx_word' id='word_1_77' title='bbox 646 1582 867 1660; x_wconf 84' lang='lat' dir='ltr'><strong>introductus,</strong></span> <span class='ocrx_word' id='word_1_78' title='bbox 894 1582 977 1666; x_wconf 86' lang='lat' dir='ltr'><strong>petit</strong></span> <span class='ocrx_word' id='word_1_79' title='bbox 991 1601 1013 1646; x_wconf 87' lang='lat' dir='ltr'><strong>a</strong></span> <span class='ocrx_word' id='word_1_80' title='bbox 1029 1581 1202 1660; x_wconf 87' lang='lat' dir='ltr'><strong>Patribus,</strong></span> <span class='ocrx_word' id='word_1_81' title='bbox 1225 1584 1275 1647; x_wconf 87' lang='lat' dir='ltr'><strong>uti</strong></span> <span class='ocrx_word' id='word_1_82' title='bbox 1300 1583 1366 1647; x_wconf 86' lang='lat' dir='ltr'><strong>sibi</strong></span> <span class='ocrx_word' id='word_1_83' title='bbox 1378 1581 1525 1666; x_wconf 87' lang='lat' dir='ltr'><strong>quinque</strong></span> 
     </span>
     <span class='ocr_line' id='line_1_12' title="bbox 431 1684 1525 1769; baseline -0.001 -20"><span class='ocrx_word' id='word_1_84' title='bbox 431 1684 540 1750; x_wconf 90' lang='lat' dir='ltr'><strong>millia</strong></span> <span class='ocrx_word' id='word_1_85' title='bbox 553 1686 698 1751; x_wconf 88' lang='lat' dir='ltr'><strong>militum</strong></span> <span class='ocrx_word' id='word_1_86' title='bbox 713 1685 877 1751; x_wconf 87' lang='lat' dir='ltr'><strong>darentur.</strong></span> <span class='ocrx_word' id='word_1_87' title='bbox 922 1684 1002 1763; x_wconf 87' lang='lat' dir='ltr'><strong>‘Se,</strong></span> <span class='ocrx_word' id='word_1_88' title='bbox 1024 1685 1171 1769; x_wconf 86' lang='lat' dir='ltr'><strong>peritum</strong></span> <span class='ocrx_word' id='word_1_89' title='bbox 1192 1690 1226 1751; x_wconf 88' lang='lat' dir='ltr'><strong>et</strong></span> <span class='ocrx_word' id='word_1_90' title='bbox 1245 1685 1351 1750; x_wconf 86' lang='lat' dir='ltr'><strong>bostis</strong></span> <span class='ocrx_word' id='word_1_91' title='bbox 1365 1694 1400 1749; x_wconf 90' lang='lat' dir='ltr'><strong>et</strong></span> <span class='ocrx_word' id='word_1_92' title='bbox 1420 1684 1525 1766; x_wconf 80' lang='lat' dir='ltr'><strong>ragio-</strong></span> 
     </span>
     <span class='ocr_line' id='line_1_13' title="bbox 432 1786 1525 1873; baseline -0.002 -22"><span class='ocrx_word' id='word_1_93' title='bbox 432 1806 522 1865; x_wconf 88' lang='lat' dir='ltr'><strong>num,</strong></span> <span class='ocrx_word' id='word_1_94' title='bbox 537 1787 630 1853; x_wconf 85' lang='lat' dir='ltr'><strong>brevi</strong></span> <span class='ocrx_word' id='word_1_95' title='bbox 644 1806 756 1871; x_wconf 79' lang='lat' dir='ltr'><strong>operae</strong></span> <span class='ocrx_word' id='word_1_96' title='bbox 772 1789 913 1872; x_wconf 83' lang='lat' dir='ltr'><strong>pretium</strong></span> <span class='ocrx_word' id='word_1_97' title='bbox 927 1786 1117 1867; x_wconf 81' lang='lat' dir='ltr'><strong>iacturum3</strong></span> <span class='ocrx_word' id='word_1_98' title='bbox 1139 1794 1185 1867; x_wconf 88' lang='lat' dir='ltr'><strong>et,</strong></span> <span class='ocrx_word' id='word_1_99' title='bbox 1200 1788 1322 1873; x_wconf 87' lang='lat' dir='ltr'><strong>quibos</strong></span> <span class='ocrx_word' id='word_1_100' title='bbox 1337 1787 1468 1853; x_wconf 86' lang='lat' dir='ltr'><strong>artibus</strong></span> <span class='ocrx_word' id='word_1_101' title='bbox 1482 1786 1525 1851; x_wconf 83' lang='lat' dir='ltr'><strong>ad</strong></span> 
     </span>
     <span class='ocr_line' id='line_1_14' title="bbox 353 1887 1526 1975; baseline 0.001 -23"><span class='ocrx_word' id='word_1_102' title='bbox 353 1890 355 1896; x_wconf 87' lang='lat'>&#39;</span> <span class='ocrx_word' id='word_1_103' title='bbox 432 1887 468 1952; x_wconf 90' lang='lat' dir='ltr'><strong>id</strong></span> <span class='ocrx_word' id='word_1_104' title='bbox 483 1889 630 1953; x_wconf 90' lang='lat' dir='ltr'><strong>locorum</strong></span> <span class='ocrx_word' id='word_1_105' title='bbox 642 1888 749 1953; x_wconf 86' lang='lat' dir='ltr'><strong>nostri</strong></span> <span class='ocrx_word' id='word_1_106' title='bbox 763 1895 799 1953; x_wconf 88' lang='lat' dir='ltr'><strong>et</strong></span> <span class='ocrx_word' id='word_1_107' title='bbox 819 1889 923 1955; x_wconf 86' lang='lat' dir='ltr'><strong>duces</strong></span> <span class='ocrx_word' id='word_1_108' title='bbox 937 1894 971 1955; x_wconf 86' lang='lat' dir='ltr'><strong>et</strong></span> <span class='ocrx_word' id='word_1_109' title='bbox 985 1889 1156 1954; x_wconf 84' lang='lat' dir='ltr'><strong>exercitus</strong></span> <span class='ocrx_word' id='word_1_110' title='bbox 1169 1890 1262 1975; x_wconf 83' lang='lat' dir='ltr'><strong>capti</strong></span> <span class='ocrx_word' id='word_1_111' title='bbox 1275 1890 1394 1968; x_wconf 81' lang='lat' dir='ltr'><strong>forent,</strong></span> <span class='ocrx_word' id='word_1_112' title='bbox 1408 1890 1453 1953; x_wconf 90' lang='lat' dir='ltr'><strong>iis</strong></span> <span class='ocrx_word' id='word_1_113' title='bbox 1467 1888 1526 1954; x_wconf 86' lang='lat' dir='ltr'><strong>ad·</strong></span> 
     </span>
     <span class='ocr_line' id='line_1_15' title="bbox 431 1989 1526 2075; baseline 0 -20"><span class='ocrx_word' id='word_1_114' title='bbox 431 2008 547 2055; x_wconf 82' lang='lat' dir='ltr'><strong>versus</strong></span> <span class='ocrx_word' id='word_1_115' title='bbox 560 1990 762 2055; x_wconf 87' lang='lat' dir='ltr'><strong>inventorem</strong></span> <span class='ocrx_word' id='word_1_116' title='bbox 776 1990 933 2056; x_wconf 70' lang='lat' dir='ltr'><strong>usurum!</strong></span> <span class='ocrx_word' id='word_1_117' title='bbox 975 1989 1018 2055; x_wconf 88' lang='lat' dir='ltr'><strong>Id</strong></span> <span class='ocrx_word' id='word_1_118' title='bbox 1034 2009 1099 2055; x_wconf 90' lang='lat' dir='ltr'><strong>noo</strong></span> <span class='ocrx_word' id='word_1_119' title='bbox 1116 1991 1318 2075; x_wconf 84' lang='lat' dir='ltr'><strong>promissum</strong></span> <span class='ocrx_word' id='word_1_120' title='bbox 1332 1990 1439 2073; x_wconf 78' lang='lat' dir='ltr'><strong>magis</strong></span> <span class='ocrx_word' id='word_1_121' title='bbox 1455 1999 1526 2055; x_wconf 86' lang='lat' dir='ltr'><strong>sto·</strong></span> 
     </span>
     <span class='ocr_line' id='line_1_16' title="bbox 431 2091 1526 2178; baseline -0.001 -21"><span class='ocrx_word' id='word_1_122' title='bbox 431 2091 510 2170; x_wconf 85' lang='lat' dir='ltr'><strong>lide,</strong></span> <span class='ocrx_word' id='word_1_123' title='bbox 525 2112 625 2177; x_wconf 85' lang='lat' dir='ltr'><strong>quarn</strong></span> <span class='ocrx_word' id='word_1_124' title='bbox 650 2092 772 2158; x_wconf 82' lang='lat' dir='ltr'><strong>stolide</strong></span> <span class='ocrx_word' id='word_1_125' title='bbox 786 2100 813 2131; x_wconf 84' lang='lat'><strong>¹⁰</strong></span> <span class='ocrx_word' id='word_1_126' title='bbox 833 2092 1015 2160; x_wconf 86' lang='lat' dir='ltr'><strong>creditum:</strong></span> <span class='ocrx_word' id='word_1_127' title='bbox 1039 2092 1195 2178; x_wconf 88' lang='lat' dir='ltr'><strong>tanquam</strong></span> <span class='ocrx_word' id='word_1_128' title='bbox 1215 2094 1344 2160; x_wconf 86' lang='lat' dir='ltr'><strong>eaedem</strong></span> <span class='ocrx_word' id='word_1_129' title='bbox 1368 2094 1526 2159; x_wconf 84' lang='lat' dir='ltr'><strong>militares</strong></span> 
     </span>
     <span class='ocr_line' id='line_1_17' title="bbox 433 2194 1527 2282; baseline -0.001 -22"><span class='ocrx_word' id='word_1_130' title='bbox 433 2200 467 2261; x_wconf 84' lang='lat' dir='ltr'><strong>ct</strong></span> <span class='ocrx_word' id='word_1_131' title='bbox 480 2194 704 2279; x_wconf 73' lang='lat' dir='ltr'><strong>imperatoriae</strong></span> <span class='ocrx_word' id='word_1_132' title='bbox 718 2203 807 2261; x_wconf 83' lang='lat' dir='ltr'><strong>artes</strong></span> <span class='ocrx_word' id='word_1_133' title='bbox 821 2202 942 2262; x_wconf 86' lang='lat' dir='ltr'><strong>essent.</strong></span> <span class='ocrx_word' id='word_1_134' title='bbox 972 2196 1075 2275; x_wconf 87' lang='lat' dir='ltr'><strong>Data,</strong></span> <span class='ocrx_word' id='word_1_135' title='bbox 1089 2216 1149 2281; x_wconf 88' lang='lat' dir='ltr'><strong>pro</strong></span> <span class='ocrx_word' id='word_1_136' title='bbox 1161 2197 1319 2282; x_wconf 89' lang='lat' dir='ltr'><strong>quinque,</strong></span> <span class='ocrx_word' id='word_1_137' title='bbox 1330 2201 1409 2263; x_wconf 89' lang='lat' dir='ltr'><strong>octo</strong></span> <span class='ocrx_word' id='word_1_138' title='bbox 1423 2194 1527 2260; x_wconf 88' lang='lat' dir='ltr'><strong>millia</strong></span> 
     </span>
     <span class='ocr_line' id='line_1_18' title="bbox 432 2297 1526 2391; baseline -0.002 -28"><span class='ocrx_word' id='word_1_139' title='bbox 432 2297 572 2363; x_wconf 87' lang='lat' dir='ltr'><strong>militum</strong></span> <span class='ocrx_word' id='word_1_140' title='bbox 584 2318 594 2379; x_wconf 84' lang='lat'><em>3</em></span> <span class='ocrx_word' id='word_1_141' title='bbox 616 2318 695 2391; x_wconf 85' lang='lat' dir='ltr'><strong>pars</strong></span> <span class='ocrx_word' id='word_1_142' title='bbox 709 2297 848 2363; x_wconf 85' lang='lat' dir='ltr'><strong>dimidia</strong></span> <span class='ocrx_word' id='word_1_143' title='bbox 859 2298 961 2376; x_wconf 85' lang='lat' dir='ltr'><strong>cives,</strong></span> <span class='ocrx_word' id='word_1_144' title='bbox 978 2317 1059 2382; x_wconf 83' lang='lat' dir='ltr'><strong>pars</strong></span> <span class='ocrx_word' id='word_1_145' title='bbox 1069 2299 1175 2363; x_wconf 80' lang='lat' dir='ltr'><strong>socii:</strong></span> <span class='ocrx_word' id='word_1_146' title='bbox 1189 2305 1222 2363; x_wconf 89' lang='lat' dir='ltr'><strong>et</strong></span> <span class='ocrx_word' id='word_1_147' title='bbox 1235 2300 1308 2383; x_wconf 84' lang='lat' dir='ltr'><strong>ipse</strong></span> <span class='ocrx_word' id='word_1_148' title='bbox 1323 2299 1526 2384; x_wconf 87' lang='lat' dir='ltr'><strong>aliquantum</strong></span> 
     </span>
     <span class='ocr_line' id='line_1_19' title="bbox 432 2398 1525 2484; baseline -0.005 -17"><span class='ocrx_word' id='word_1_149' title='bbox 432 2399 693 2467; x_wconf 87' lang='lat' dir='ltr'><strong>voluntariorum</strong></span> <span class='ocrx_word' id='word_1_150' title='bbox 708 2401 825 2465; x_wconf 88' lang='lat' dir='ltr'><strong>itinero</strong></span> <span class='ocrx_word' id='word_1_151' title='bbox 839 2400 873 2464; x_wconf 91' lang='lat' dir='ltr'><strong>iu</strong></span> <span class='ocrx_word' id='word_1_152' title='bbox 887 2400 976 2483; x_wconf 80' lang='lat' dir='ltr'><strong>agris</strong></span> <span class='ocrx_word' id='word_1_153' title='bbox 991 2399 1150 2480; x_wconf 84' lang='lat' dir='ltr'><strong>concivit,</strong></span> <span class='ocrx_word' id='word_1_154' title='bbox 1166 2420 1217 2479; x_wconf 89' lang='lat' dir='ltr'><strong>ac,</strong></span> <span class='ocrx_word' id='word_1_155' title='bbox 1231 2418 1339 2484; x_wconf 83' lang='lat' dir='ltr'><strong>prope</strong></span> <span class='ocrx_word' id='word_1_156' title='bbox 1352 2398 1525 2483; x_wconf 88' lang='lat' dir='ltr'><strong>duplicato</strong></span> 
     </span>
     <span class='ocr_line' id='line_1_20' title="bbox 433 2501 1526 2587; baseline -0.004 -19"><span class='ocrx_word' id='word_1_157' title='bbox 433 2503 594 2582; x_wconf 85' lang='lat' dir='ltr'><strong>exercitu,</strong></span> <span class='ocrx_word' id='word_1_158' title='bbox 608 2502 641 2567; x_wconf 93' lang='lat' dir='ltr'><strong>in</strong></span> <span class='ocrx_word' id='word_1_159' title='bbox 656 2502 814 2568; x_wconf 88' lang='lat' dir='ltr'><strong>Lucanos</strong></span> <span class='ocrx_word' id='word_1_160' title='bbox 829 2503 998 2587; x_wconf 84' lang='lat' dir='ltr'><strong>perrenit3</strong></span> <span class='ocrx_word' id='word_1_161' title='bbox 1020 2504 1079 2568; x_wconf 90' lang='lat' dir='ltr'><strong>ubi</strong></span> <span class='ocrx_word' id='word_1_162' title='bbox 1101 2502 1283 2581; x_wconf 88' lang='lat' dir='ltr'><strong>Hannibal,</strong></span> <span class='ocrx_word' id='word_1_163' title='bbox 1303 2501 1526 2585; x_wconf 86' lang='lat' dir='ltr'><strong>nequicquam</strong></span> 
     </span>
     <span class='ocr_line' id='line_1_21' title="bbox 432 2604 1526 2690; baseline -0.004 -18"><span class='ocrx_word' id='word_1_164' title='bbox 432 2614 569 2672; x_wconf 83' lang='lat' dir='ltr'><strong>secutus</strong></span> <span class='ocrx_word' id='word_1_165' title='bbox 585 2604 773 2682; x_wconf 86' lang='lat' dir='ltr'><strong>Claudiurn,</strong></span> <span class='ocrx_word' id='word_1_166' title='bbox 785 2607 991 2673; x_wconf 82' lang='lat' dir='ltr'><strong>substiterat.</strong></span> <span class='ocrx_word' id='word_1_167' title='bbox 1014 2606 1118 2672; x_wconf 90' lang='lat' dir='ltr'><strong>Haud</strong></span> <span class='ocrx_word' id='word_1_168' title='bbox 1130 2605 1233 2671; x_wconf 87' lang='lat' dir='ltr'><strong>dubia</strong></span> <span class='ocrx_word' id='word_1_169' title='bbox 1245 2625 1298 2670; x_wconf 90' lang='lat' dir='ltr'><strong>res</strong></span> <span class='ocrx_word' id='word_1_170' title='bbox 1309 2611 1387 2682; x_wconf 69' lang='lat' dir='ltr'><strong>ent,⁸</strong></span> <span class='ocrx_word' id='word_1_171' title='bbox 1401 2604 1526 2690; x_wconf 82' lang='lat' dir='ltr'><strong>quippo</strong></span> 
     </span>
     <span class='ocr_line' id='line_1_22' title="bbox 432 2707 1527 2793; baseline -0.003 -19"><span class='ocrx_word' id='word_1_172' title='bbox 432 2708 515 2774; x_wconf 84' lang='lat' dir='ltr'><strong>iuter</strong></span> <span class='ocrx_word' id='word_1_173' title='bbox 535 2707 761 2776; x_wconf 87' lang='lat' dir='ltr'><strong>Hannibalem</strong></span> <span class='ocrx_word' id='word_1_174' title='bbox 777 2710 895 2775; x_wconf 88' lang='lat' dir='ltr'><strong>ducem</strong></span> <span class='ocrx_word' id='word_1_175' title='bbox 911 2718 945 2776; x_wconf 90' lang='lat' dir='ltr'><strong>et</strong></span> <span class='ocrx_word' id='word_1_176' title='bbox 959 2713 1198 2788; x_wconf 86' lang='lat' dir='ltr'><strong>centurionem,</strong></span> <span class='ocrx_word' id='word_1_177' title='bbox 1214 2710 1462 2793; x_wconf 82' lang='lat' dir='ltr'><strong>exercitusque,</strong></span> <span class='ocrx_word' id='word_1_178' title='bbox 1478 2707 1527 2771; x_wconf 90' lang='lat' dir='ltr'><strong>al·</strong></span> 
     </span>
     <span class='ocr_line' id='line_1_23' title="bbox 432 2811 1528 2893; baseline -0.002 -17"><span class='ocrx_word' id='word_1_179' title='bbox 432 2813 537 2877; x_wconf 83' lang='lat' dir='ltr'><strong>terum</strong></span> <span class='ocrx_word' id='word_1_180' title='bbox 553 2811 713 2878; x_wconf 88' lang='lat' dir='ltr'><strong>vincendo</strong></span> <span class='ocrx_word' id='word_1_181' title='bbox 729 2818 930 2893; x_wconf 78' lang='lat' dir='ltr'><strong>veteranum,</strong></span> <span class='ocrx_word' id='word_1_182' title='bbox 955 2815 1093 2879; x_wconf 75' lang='lat' dir='ltr'><strong>alterum</strong></span> <span class='ocrx_word' id='word_1_183' title='bbox 1115 2831 1239 2877; x_wconf 87' lang='lat' dir='ltr'><strong>novum</strong></span> <span class='ocrx_word' id='word_1_184' title='bbox 1264 2818 1384 2889; x_wconf 89' lang='lat' dir='ltr'><strong>totum,</strong></span> <span class='ocrx_word' id='word_1_185' title='bbox 1408 2827 1528 2891; x_wconf 84' lang='lat' dir='ltr'><strong>magna</strong></span> 
     </span>
     <span class='ocr_line' id='line_1_24' title="bbox 433 2911 1528 2998; baseline -0.002 -20"><span class='ocrx_word' id='word_1_186' title='bbox 433 2933 479 2978; x_wconf 83' lang='lat' dir='ltr'><strong>ex</strong></span> <span class='ocrx_word' id='word_1_187' title='bbox 502 2921 629 2998; x_wconf 87' lang='lat' dir='ltr'><strong>parte¹¹</strong></span> <span class='ocrx_word' id='word_1_188' title='bbox 651 2915 751 2978; x_wconf 88' lang='lat' dir='ltr'><strong>etiarn</strong></span> <span class='ocrx_word' id='word_1_189' title='bbox 776 2916 1025 2981; x_wconf 84' lang='lat' dir='ltr'><strong>tumultuarium</strong></span> <span class='ocrx_word' id='word_1_190' title='bbox 1048 2934 1092 2979; x_wconf 89' lang='lat' dir='ltr'><strong>ac</strong></span> <span class='ocrx_word' id='word_1_191' title='bbox 1115 2915 1334 2980; x_wconf 85' lang='lat' dir='ltr'><strong>semiermem.</strong></span> <span class='ocrx_word' id='word_1_192' title='bbox 1378 2911 1429 2977; x_wconf 89' lang='lat' dir='ltr'><strong>Ut</strong></span> <span class='ocrx_word' id='word_1_193' title='bbox 1447 2931 1528 2977; x_wconf 92' lang='lat' dir='ltr'><strong>con·</strong></span> 
     </span>
     <span class='ocr_line' id='line_1_25' title="bbox 434 3015 1528 3101; baseline -0.003 -19"><span class='ocrx_word' id='word_1_194' title='bbox 434 3023 554 3101; x_wconf 82' lang='lat' dir='ltr'><strong>specta</strong></span> <span class='ocrx_word' id='word_1_195' title='bbox 581 3017 663 3080; x_wconf 86' lang='lat' dir='ltr'><strong>iuter</strong></span> <span class='ocrx_word' id='word_1_196' title='bbox 691 3035 730 3080; x_wconf 82' lang='lat' dir='ltr'><strong>ae</strong></span> <span class='ocrx_word' id='word_1_197' title='bbox 755 3017 888 3099; x_wconf 83' lang='lat' dir='ltr'><strong>agmina</strong></span> <span class='ocrx_word' id='word_1_198' title='bbox 914 3025 1001 3095; x_wconf 86' lang='lat' dir='ltr'><strong>eunt,</strong></span> <span class='ocrx_word' id='word_1_199' title='bbox 1025 3024 1058 3082; x_wconf 90' lang='lat' dir='ltr'><strong>et</strong></span> <span class='ocrx_word' id='word_1_200' title='bbox 1082 3026 1201 3082; x_wconf 88' lang='lat' dir='ltr'><strong>neutra</strong></span> <span class='ocrx_word' id='word_1_201' title='bbox 1226 3035 1307 3101; x_wconf 84' lang='lat' dir='ltr'><strong>pare</strong></span> <span class='ocrx_word' id='word_1_202' title='bbox 1328 3015 1528 3080; x_wconf 83' lang='lat' dir='ltr'><strong>detrectavit</strong></span> 
     </span>
     <span class='ocr_line' id='line_1_26' title="bbox 433 3118 1528 3203; baseline -0.001 -20"><span class='ocrx_word' id='word_1_203' title='bbox 433 3137 593 3202; x_wconf 80' lang='lat' dir='ltr'><strong>pugnarn,</strong></span> <span class='ocrx_word' id='word_1_204' title='bbox 613 3118 783 3203; x_wconf 83' lang='lat' dir='ltr'><strong>extemplo</strong></span> <span class='ocrx_word' id='word_1_205' title='bbox 803 3120 980 3186; x_wconf 81' lang='lat' dir='ltr'><strong>instructae</strong></span> <span class='ocrx_word' id='word_1_206' title='bbox 995 3120 1100 3186; x_wconf 87' lang='lat' dir='ltr'><strong>acies.</strong></span> <span class='ocrx_word' id='word_1_207' title='bbox 1145 3119 1336 3202; x_wconf 84' lang='lat' dir='ltr'><strong>Pugnatum</strong></span> <span class='ocrx_word' id='word_1_208' title='bbox 1351 3124 1474 3194; x_wconf 86' lang='lat' dir='ltr'><strong>tamen,</strong></span> <span class='ocrx_word' id='word_1_209' title='bbox 1489 3125 1528 3182; x_wconf 86' lang='lat' dir='ltr'><strong>nt</strong></span> 
     </span>
     <span class='ocr_line' id='line_1_27' title="bbox 432 3219 1528 3306; baseline -0.001 -21"><span class='ocrx_word' id='word_1_210' title='bbox 432 3221 468 3285; x_wconf 92' lang='lat' dir='ltr'><strong>iu</strong></span> <span class='ocrx_word' id='word_1_211' title='bbox 483 3219 576 3286; x_wconf 88' lang='lat' dir='ltr'><strong>nulla</strong></span> <span class='ocrx_word' id='word_1_212' title='bbox 589 3223 662 3305; x_wconf 89' lang='lat' dir='ltr'><strong>pari</strong></span> <span class='ocrx_word' id='word_1_213' title='bbox 677 3241 725 3300; x_wconf 90' lang='lat' dir='ltr'><strong>re,</strong></span> <span class='ocrx_word' id='word_1_214' title='bbox 748 3220 832 3286; x_wconf 83' lang='lat' dir='ltr'><strong>duae</strong></span> <span class='ocrx_word' id='word_1_215' title='bbox 853 3223 996 3306; x_wconf 83' lang='lat' dir='ltr'><strong>amplius</strong></span> <span class='ocrx_word' id='word_1_216' title='bbox 1021 3223 1130 3302; x_wconf 87' lang='lat' dir='ltr'><strong>boras,</strong></span> <span class='ocrx_word' id='word_1_217' title='bbox 1153 3223 1322 3288; x_wconf 84' lang='lat' dir='ltr'><strong>concitata</strong></span> <span class='ocrx_word' id='word_1_218' title='bbox 1345 3229 1393 3300; x_wconf 90' lang='lat' dir='ltr'><strong>et,</strong></span> <span class='ocrx_word' id='word_1_219' title='bbox 1419 3219 1528 3286; x_wconf 92' lang='lat' dir='ltr'><strong>donec</strong></span> 
     </span>
     <span class='ocr_line' id='line_1_28' title="bbox 433 3321 1528 3408; baseline -0.002 -21"><span class='ocrx_word' id='word_1_220' title='bbox 433 3321 505 3387; x_wconf 86' lang='lat' dir='ltr'><strong>dux</strong></span> <span class='ocrx_word' id='word_1_221' title='bbox 521 3325 678 3402; x_wconf 81' lang='lat' dir='ltr'><strong>stetisset,</strong></span> <span class='ocrx_word' id='word_1_222' title='bbox 692 3322 848 3389; x_wconf 87' lang='lat' dir='ltr'><strong>Romana</strong></span> <span class='ocrx_word' id='word_1_223' title='bbox 861 3323 999 3390; x_wconf 77' lang='lat' dir='ltr'><strong>acie.⁸¹²</strong></span> <span class='ocrx_word' id='word_1_224' title='bbox 1042 3323 1229 3408; x_wconf 88' lang='lat' dir='ltr'><strong>Postquam</strong></span> <span class='ocrx_word' id='word_1_225' title='bbox 1244 3323 1287 3400; x_wconf 92' lang='lat' dir='ltr'><strong>is,</strong></span> <span class='ocrx_word' id='word_1_226' title='bbox 1307 3342 1374 3387; x_wconf 90' lang='lat' dir='ltr'><strong>uon</strong></span> <span class='ocrx_word' id='word_1_227' title='bbox 1396 3341 1457 3404; x_wconf 88' lang='lat' dir='ltr'><strong>pro</strong></span> <span class='ocrx_word' id='word_1_228' title='bbox 1472 3341 1528 3385; x_wconf 87' lang='lat' dir='ltr'><strong>va·</strong></span> 
     </span>
     <span class='ocr_line' id='line_1_29' title="bbox 433 3425 1527 3507; baseline -0.003 -17"><span class='ocrx_word' id='word_1_229' title='bbox 433 3428 501 3490; x_wconf 86' lang='lat' dir='ltr'><strong>tere</strong></span> <span class='ocrx_word' id='word_1_230' title='bbox 516 3426 606 3493; x_wconf 86' lang='lat' dir='ltr'><strong>lama</strong></span> <span class='ocrx_word' id='word_1_231' title='bbox 619 3427 743 3507; x_wconf 86' lang='lat' dir='ltr'><strong>solum,</strong></span> <span class='ocrx_word' id='word_1_232' title='bbox 768 3426 945 3493; x_wconf 87' lang='lat' dir='ltr'><strong>sedetiam</strong></span> <span class='ocrx_word' id='word_1_233' title='bbox 968 3434 1061 3492; x_wconf 88' lang='lat' dir='ltr'><strong>metu</strong></span> <span class='ocrx_word' id='word_1_234' title='bbox 1085 3427 1183 3492; x_wconf 87' lang='lat' dir='ltr'><strong>loturi</strong></span> <span class='ocrx_word' id='word_1_235' title='bbox 1203 3425 1388 3503; x_wconf 86' lang='lat' dir='ltr'><strong>dedecoris,</strong></span> <span class='ocrx_word' id='word_1_236' title='bbox 1410 3425 1441 3488; x_wconf 89' lang='lat' dir='ltr'><strong>si</strong></span> <span class='ocrx_word' id='word_1_237' title='bbox 1463 3440 1527 3488; x_wconf 87' lang='lat' dir='ltr'><strong>sua</strong></span> 
     </span>
    </p>
   </div>
   <div class='ocr_carea' id='block_1_3' title="bbox 433 3623 1528 3756">
    <p class='ocr_par' dir='ltr' id='par_1_3' title="bbox 433 3623 1528 3756">
     <span class='ocr_line' id='line_1_30' title="bbox 464 3623 1528 3689; baseline -0.002 -13"><span class='ocrx_word' id='word_1_238' title='bbox 464 3633 480 3661; x_wconf 79' lang='lat'>⁸</span> <span class='ocrx_word' id='word_1_239' title='bbox 497 3623 611 3681; x_wconf 61' lang='lat' dir='ltr'><strong>Quoia</strong></span> <span class='ocrx_word' id='word_1_240' title='bbox 619 3625 685 3676; x_wconf 74' lang='lat' dir='ltr'><strong>nata</strong></span> <span class='ocrx_word' id='word_1_241' title='bbox 693 3624 721 3674; x_wconf 75' lang='lat' dir='ltr'><strong>ia</strong></span> <span class='ocrx_word' id='word_1_242' title='bbox 731 3639 758 3674; x_wconf 83' lang='lat' dir='ltr'><strong>re</strong></span> <span class='ocrx_word' id='word_1_243' title='bbox 766 3638 836 3687; x_wconf 75' lang='lat' dir='ltr'><strong>pura</strong></span> <span class='ocrx_word' id='word_1_244' title='bbox 847 3628 923 3673; x_wconf 74' lang='lat' dir='ltr'><strong>mr</strong></span> <span class='ocrx_word' id='word_1_245' title='bbox 935 3623 1045 3682; x_wconf 74' lang='lat' dir='ltr'><strong>mma,</strong></span> <span class='ocrx_word' id='word_1_246' title='bbox 1055 3625 1207 3676; x_wconf 67' lang='lat' dir='ltr'><strong>nooman</strong></span> <span class='ocrx_word' id='word_1_247' title='bbox 1216 3627 1281 3676; x_wconf 79' lang='lat' dir='ltr'><strong>ato-u</strong></span> <span class='ocrx_word' id='word_1_248' title='bbox 1289 3625 1428 3676; x_wconf 74' lang='lat' dir='ltr'><strong>dualem</strong></span> <span class='ocrx_word' id='word_1_249' title='bbox 1435 3637 1528 3689; x_wconf 67' lang='lat' dir='ltr'><strong>wo·</strong></span> 
     </span>
     <span class='ocr_line' id='line_1_31' title="bbox 433 3689 1411 3756; baseline -0.001 -15"><span class='ocrx_word' id='word_1_250' title='bbox 433 3693 485 3741; x_wconf 73' lang='lat' dir='ltr'><strong>tarra</strong></span> <span class='ocrx_word' id='word_1_251' title='bbox 494 3695 540 3756; x_wconf 76' lang='lat' dir='ltr'><strong>eat,</strong></span> <span class='ocrx_word' id='word_1_252' title='bbox 550 3691 634 3740; x_wconf 68' lang='lat' dir='ltr'><strong>wilare</strong></span> <span class='ocrx_word' id='word_1_253' title='bbox 642 3704 730 3754; x_wconf 60' lang='lat' dir='ltr'><strong>puna</strong></span> <span class='ocrx_word' id='word_1_254' title='bbox 739 3689 950 3740; x_wconf 65' lang='lat' dir='ltr'><strong>maternorum</strong></span> <span class='ocrx_word' id='word_1_255' title='bbox 961 3690 1036 3754; x_wconf 78' lang='lat' dir='ltr'><strong>copiis</strong></span> <span class='ocrx_word' id='word_1_256' title='bbox 1046 3692 1157 3756; x_wconf 65' lang='lat' dir='ltr'><strong>cundia</strong></span> <span class='ocrx_word' id='word_1_257' title='bbox 1166 3693 1217 3742; x_wconf 73' lang='lat' dir='ltr'><strong>dau</strong></span> <span class='ocrx_word' id='word_1_258' title='bbox 1227 3690 1411 3756; x_wconf 65' lang='lat' dir='ltr'><strong>camussia</strong></span> 
     </span>
    </p>
   </div>
   <div class='ocr_carea' id='block_1_4' title="bbox 887 3831 1071 3855">
    <p class='ocr_par' dir='ltr' id='par_1_4' title="bbox 887 3831 1071 3855">
     <span class='ocr_line' id='line_1_32' title="bbox 887 3831 1071 3855; baseline 0.016 -3"><span class='ocrx_word' id='word_1_259' title='bbox 887 3831 1071 3855; x_wconf 73' lang='lat' dir='ltr'><strong>nonomen</strong></span> 
     </span>
    </p>
   </div>
   <div class='ocr_carea' id='block_1_5' title="bbox 434 3928 1529 4134">
    <p class='ocr_par' dir='ltr' id='par_1_5' title="bbox 434 3928 1529 4134">
     <span class='ocr_line' id='line_1_33' title="bbox 466 3928 1529 3998; baseline -0.005 -14"><span class='ocrx_word' id='word_1_260' title='bbox 466 3931 542 3984; x_wconf 77' lang='lat' dir='ltr'><strong>bAl.</strong></span> <span class='ocrx_word' id='word_1_261' title='bbox 558 3933 701 3998; x_wconf 71' lang='lat' dir='ltr'><strong>linqua—&#39;l</strong></span> <span class='ocrx_word' id='word_1_262' title='bbox 718 3931 859 3985; x_wconf 75' lang='lat' dir='ltr'><strong>‘Abierant</strong></span> <span class='ocrx_word' id='word_1_263' title='bbox 878 3933 946 3984; x_wconf 77' lang='lat' dir='ltr'><strong>Edu.</strong></span> <span class='ocrx_word' id='word_1_264' title='bbox 965 3933 1110 3985; x_wconf 70' lang='lat' dir='ltr'><strong>alirobeu.</strong></span> <span class='ocrx_word' id='word_1_265' title='bbox 1131 3933 1164 3984; x_wconf 81' lang='lat' dir='ltr'><strong>ari</strong></span> <span class='ocrx_word' id='word_1_266' title='bbox 1185 3935 1271 3984; x_wconf 81' lang='lat' dir='ltr'><strong>Drak.</strong></span> <span class='ocrx_word' id='word_1_267' title='bbox 1289 3933 1398 3996; x_wconf 82' lang='lat' dir='ltr'><strong>rectior,</strong></span> <span class='ocrx_word' id='word_1_268' title='bbox 1416 3928 1529 3995; x_wconf 59' lang='lat' dir='ltr'><strong>opinor?</strong></span> 
     </span>
     <span class='ocr_line' id='line_1_34' title="bbox 434 3997 1528 4062; baseline -0.005 -13"><span class='ocrx_word' id='word_1_269' title='bbox 434 3997 585 4062; x_wconf 66' lang='lat' dir='ltr'><strong>Rupere-a</strong></span> <span class='ocrx_word' id='word_1_270' title='bbox 598 3999 667 4048; x_wconf 87' lang='lat' dir='ltr'><strong>Olim</strong></span> <span class='ocrx_word' id='word_1_271' title='bbox 678 4014 751 4049; x_wconf 78' lang='lat' dir='ltr'><strong>onear</strong></span> <span class='ocrx_word' id='word_1_272' title='bbox 760 4003 839 4048; x_wconf 65' lang='lat' dir='ltr'><strong>andra</strong></span> <span class='ocrx_word' id='word_1_273' title='bbox 850 3999 1066 4050; x_wconf 68' lang='lat' dir='ltr'><strong>nomana-o</strong></span> <span class='ocrx_word' id='word_1_274' title='bbox 1082 3999 1125 4049; x_wconf 82' lang='grc' dir='ltr'><strong>ΑΙ.</strong></span> <span class='ocrx_word' id='word_1_275' title='bbox 1141 4002 1247 4062; x_wconf 70' lang='lat' dir='ltr'><strong>aarum</strong></span> <span class='ocrx_word' id='word_1_276' title='bbox 1256 4005 1279 4049; x_wconf 85' lang='lat' dir='ltr'><strong>et</strong></span> <span class='ocrx_word' id='word_1_277' title='bbox 1291 3999 1441 4048; x_wconf 68' lang='lat' dir='ltr'><strong>ociori—lt)</strong></span> <span class='ocrx_word' id='word_1_278' title='bbox 1453 3997 1528 4046; x_wconf 78' lang='lat' dir='ltr'><strong>Alte·</strong></span> 
     </span>
     <span class='ocr_line' id='line_1_35' title="bbox 434 4060 1528 4134; baseline -0.005 -20"><span class='ocrx_word' id='word_1_279' title='bbox 434 4076 490 4114; x_wconf 86' lang='lat' dir='ltr'><strong>rum</strong></span> <span class='ocrx_word' id='word_1_280' title='bbox 500 4062 585 4114; x_wconf 59' lang='lat' dir='ltr'><strong>stoli&amp;</strong></span> <span class='ocrx_word' id='word_1_281' title='bbox 596 4077 689 4114; x_wconf 77' lang='lat' dir='ltr'><strong>vacare</strong></span> <span class='ocrx_word' id='word_1_282' title='bbox 701 4071 777 4130; x_wconf 85' lang='lat' dir='ltr'><strong>putat</strong></span> <span class='ocrx_word' id='word_1_283' title='bbox 786 4063 815 4134; x_wconf 47' lang='lat' dir='ltr'><strong>J,</strong></span> <span class='ocrx_word' id='word_1_284' title='bbox 823 4065 855 4116; x_wconf 86' lang='lat' dir='ltr'><strong>F.</strong></span> <span class='ocrx_word' id='word_1_285' title='bbox 866 4065 1046 4116; x_wconf 74' lang='lat' dir='ltr'><strong>crocea-rr</strong></span> <span class='ocrx_word' id='word_1_286' title='bbox 1065 4065 1099 4114; x_wconf 76' lang='lat' dir='ltr'><strong>El</strong></span> <span class='ocrx_word' id='word_1_287' title='bbox 1114 4080 1201 4128; x_wconf 67' lang='lat' dir='ltr'><strong>mgna</strong></span> <span class='ocrx_word' id='word_1_288' title='bbox 1211 4081 1242 4115; x_wconf 77' lang='lat' dir='ltr'><strong>ex</strong></span> <span class='ocrx_word' id='word_1_289' title='bbox 1251 4079 1278 4129; x_wconf 78' lang='lat' dir='ltr'><strong>p.</strong></span> <span class='ocrx_word' id='word_1_290' title='bbox 1291 4065 1358 4115; x_wconf 78' lang='lat' dir='ltr'><strong>Eud.</strong></span> <span class='ocrx_word' id='word_1_291' title='bbox 1370 4070 1431 4113; x_wconf 79' lang='lat' dir='ltr'><strong>ante</strong></span> <span class='ocrx_word' id='word_1_292' title='bbox 1443 4060 1528 4113; x_wconf 78' lang='lat' dir='ltr'><strong>vrak.</strong></span> 
     </span>
    </p>
   </div>
   <div class='ocr_carea' id='block_1_6' title="bbox 927 4226 1034 4279">
    <p class='ocr_par' dir='ltr' id='par_1_6' title="bbox 927 4226 1034 4279">
     <span class='ocr_line' id='line_1_36' title="bbox 927 4226 1034 4279; baseline -0.009 0"><span class='ocrx_word' id='word_1_293' title='bbox 927 4226 1034 4279; x_wconf 79' lang='lat' dir='ltr'>NOTAE</span> 
     </span>
    </p>
   </div>
   <div class='ocr_carea' id='block_1_7' title="bbox 434 4322 1528 4470">
    <p class='ocr_par' dir='ltr' id='par_1_7' title="bbox 434 4322 1528 4470">
     <span class='ocr_line' id='line_1_37' title="bbox 466 4322 1528 4390; baseline -0.003 -16"><span class='ocrx_word' id='word_1_294' title='bbox 466 4322 659 4374; x_wconf 68' lang='lat' dir='ltr'><strong>triturantia</strong></span> <span class='ocrx_word' id='word_1_295' title='bbox 678 4337 716 4374; x_wconf 83' lang='lat' dir='ltr'><strong>m</strong></span> <span class='ocrx_word' id='word_1_296' title='bbox 734 4323 781 4388; x_wconf 80' lang='lat' dir='ltr'><strong>erl]</strong></span> <span class='ocrx_word' id='word_1_297' title='bbox 805 4324 886 4376; x_wconf 85' lang='lat' dir='ltr'><strong>Carta</strong></span> <span class='ocrx_word' id='word_1_298' title='bbox 902 4335 960 4378; x_wconf 83' lang='lat' dir='ltr'><strong>erat</strong></span> <span class='ocrx_word' id='word_1_299' title='bbox 1000 4341 1090 4376; x_wconf 88' lang='lat' dir='ltr'><strong>norum</strong></span> <span class='ocrx_word' id='word_1_300' title='bbox 1117 4335 1237 4389; x_wconf 76' lang='lat' dir='ltr'><strong>strages:</strong></span> <span class='ocrx_word' id='word_1_301' title='bbox 1271 4325 1383 4390; x_wconf 75' lang='lat' dir='ltr'><strong>Gallice,</strong></span> <span class='ocrx_word' id='word_1_302' title='bbox 1411 4325 1435 4374; x_wconf 85' lang='lat' dir='ltr'><strong>ln</strong></span> <span class='ocrx_word' id='word_1_303' title='bbox 1458 4322 1528 4373; x_wconf 77' lang='lat' dir='ltr'><strong>close</strong></span> 
     </span>
     <span class='ocr_line' id='line_1_38' title="bbox 434 4399 1255 4470; baseline 0.005 -20"><span class='ocrx_word' id='word_1_304' title='bbox 434 4399 493 4453; x_wconf 88' lang='lat' dir='ltr'><strong>binc</strong></span> <span class='ocrx_word' id='word_1_305' title='bbox 505 4401 656 4452; x_wconf 72' lang='lat' dir='ltr'><strong>Hannibalis</strong></span> <span class='ocrx_word' id='word_1_306' title='bbox 668 4403 786 4466; x_wconf 74' lang='lat' dir='ltr'><strong>victorin,</strong></span> <span class='ocrx_word' id='word_1_307' title='bbox 794 4401 854 4454; x_wconf 87' lang='lat' dir='ltr'><strong>irinc</strong></span> <span class='ocrx_word' id='word_1_308' title='bbox 865 4405 959 4455; x_wconf 83' lang='lat' dir='ltr'><strong>Roma·</strong></span> <span class='ocrx_word' id='word_1_309' title='bbox 999 4404 1060 4456; x_wconf 69' lang='lat' dir='ltr'><strong>ituit</strong></span> <span class='ocrx_word' id='word_1_310' title='bbox 1068 4419 1125 4454; x_wconf 73' lang='lat' dir='ltr'><strong>mr</strong></span> <span class='ocrx_word' id='word_1_311' title='bbox 1134 4403 1255 4470; x_wconf 57' lang='lat' dir='ltr'><strong>affectio</strong></span> 
     </span>
    </p>
   </div>
   <div class='ocr_carea' id='block_1_8' title="bbox 0 0 1640 5225">
    <p class='ocr_par' dir='ltr' id='par_1_8' title="bbox 0 0 1640 5225">
     <span class='ocr_line' id='line_1_39' title="bbox 0 0 1640 5225; baseline 0 0"><span class='ocrx_word' id='word_1_312' title='bbox 0 0 1640 5225; x_wconf 95' lang='lat' dir='ltr'><strong> </strong></span> 
     </span>
    </p>
   </div>
  </div>
 </body>
</html>
