3259 5225
375 518 464 585 2102
846 536 882 587 r.
905 538 997 587 urvrr

375 680 486 764 ipsam
500 678 631 747 cladem
644 680 886 763 agnoscebant.
930 680 1018 745 Tum
1034 682 1169 746 altemm
1190 700 1324 747 carmen
1348 682 1473 749 recita·

375 789 456 861 tum,
470 801 537 848 nou
548 802 591 847 eo
604 787 733 847 tentum
745 782 935 861 obscurius,
948 784 1029 867 quia
1049 784 1226 849 incertiora
1248 784 1358 851 sutura
1382 806 1474 870 pree·

375 886 483 952 teritis
492 894 584 964 aaut,
599 884 661 951 sed
674 884 870 969 perplexius
881 886 980 950 etiam
996 886 1171 969 scripturae
1183 906 1312 969 genere.
1355 888 1474 953 ‘Hos-

375 996 456 1066 tem,
470 988 643 1066 Romani,i
664 987 875 1071 siexpellere
889 988 1001 1059 vultis,
1021 989 1269 1073 vomicamque,
1295 1010 1372 1074 quae
1390 1010 1474 1073 geu-

377 1093 462 1157 tium
470 1090 682 1174 veuit'iouge,
689 1088 842 1175 Apollini
851 1090 1025 1156 vovendos
1038 1110 1161 1157 conseo
1175 1091 1285 1170 ludos,
1298 1093 1358 1176 qui
1371 1100 1473 1177 quot-

377 1194 474 1261 annis
497 1194 637 1259 comiter
648 1191 676 1234 ¹⁶
697 1192 847 1277 Apollini
876 1192 979 1259 liautr
1000 1213 1076 1259 cum
1106 1193 1253 1278 populus
1274 1193 1404 1260 dederit
1425 1214 1474 1259 ex

377 1296 515 1382 publico
525 1302 662 1381 portem,
672 1294 794 1380 privati
815 1295 867 1360 uti
890 1295 1062 1361 conterant
1075 1314 1137 1379 pro
1153 1296 1374 1381 seruisque*
1418 1296 1472 1361 Iis

377 1398 466 1464 ludia
489 1397 650 1464 iaciendis
665 1397 797 1483 praeerit
811 1404 936 1481 praetor
956 1396 1026 1476 is,¹‘
1048 1398 1107 1481 qui
1127 1396 1187 1482 jus
1203 1397 1330 1483 populo
1345 1399 1473 1483 plebei·

377 1520 444 1585 que
457 1501 551 1568 dabit
564 1519 741 1565 summum.
784 1500 978 1565 Decemviri
993 1498 1116 1565 Graeco
1142 1501 1206 1565 ritu
1227 1500 1348 1567 hostiis
1374 1522 1475 1567 secra

375 1604 514 1669 saciant.
558 1603 648 1671 Hrec
662 1604 795 1669 sirecte
808 1602 964 1681 faxitis‚¹⁹
985 1602 1174 1687 gaudebitis
1188 1622 1331 1687 semper,
1347 1602 1473 1689 fiatque

377 1726 433 1771 res
454 1714 570 1773 restra
596 1706 724 1773 melior.
775 1704 868 1771 Nam
890 1707 922 1771 is
949 1706 1059 1771 Divus
1085 1707 1261 1789 extinguet
1284 1706 1475 1789 perduelles

378 1816 521 1887 vestros,
545 1810 604 1893 qui
627 1816 761 1875 vestroe
782 1828 924 1893 campos
946 1816 1131 1895 pascuut²⁰
1159 1808 1311 1895 placide?
1356 1806 1413 1874 Ad
1436 1809 1474 1873 id

377 1931 510 1977 carmen
537 1911 808 1997 explanandum¹
838 1911 925 1976 diem
951 1930 1054 1977 uuum
1080 1919 1277 1978 sumserunt.
1332 1912 1474 1979 Postero

378 2015 435 2079 die
447 2022 584 2079 senatus
597 2013 787 2080 consultum
800 2013 926 2080 factum
942 2022 1006 2093 est,
1030 2020 1070 2080 ut
1083 2014 1261 2081 decemviri
1275 2015 1409 2094 libros,²
1431 2014 1474 2081 de

376 2116 467 2182 ludis
484 2114 634 2201 Apollini
646 2137 747 2202 reque
761 2117 877 2183 divina
889 2118 1058 2196 faciunda,
1075 2117 1288 2201 inspicerent.
1331 2118 1381 2182 Ea
1396 2138 1475 2183 cum

377 2220 534 2305 inspecto
547 2221 739 2305 relatuquer
759 2221 803 2286 ad
823 2227 977 2286 senatum
992 2226 1110 2299 esseut,
1124 2228 1318 2287 censuerunt
1333 2219 1474 2287 Patres:

378 2322 551 2407 ‘Apollini
574 2323 676 2388 ludos
699 2322 874 2390 vovendos
895 2324 1160 2409 faciundosqu03
1183 2329 1227 2401 et,
1242 2324 1378 2409 quando
1401 2322 1474 2389 ludi

378 2425 462 2492 iacti
476 2430 598 2504 esseut,
613 2426 789 2491 duodecim
811 2424 919 2493 millia
943 2426 1041 2491 aeris¹
1062 2425 1199 2510 praetori
1224 2424 1269 2491 ed
1291 2444 1360 2491 rem
1387 2425 1475 2491 divi-

378 2547 467 2604 uam,
486 2536 521 2595 et
542 2527 627 2593 duas
646 2527 775 2593 hostias
795 2526 939 2612 majores
954 2526 1126 2593 dandae?i
1166 2525 1318 2594 Alterum
1334 2544 1475 2593 senatus

379 2633 569 2697 consultum
582 2634 709 2698 factum
728 2637 793 2712 est,
814 2631 886 2698 ‘Ut
896 2631 1077 2697 decemviri
1093 2651 1190 2697 sacre
1207 2629 1329 2696 Graeco
1344 2633 1409 2697 ritu
1424 2632 1475 2696 ia·

379 2742 501 2813 cerent,
522 2736 628 2819 deque
651 2735 813 2802 bostiia:³
848 2732 999 2820 Apollini
1021 2733 1109 2800 bore
1131 2739 1246 2798 aurato
1261 2739 1276 2770 ⁸
1297 2740 1332 2798 et
1361 2733 1475 2819 capris

379 2835 511 2903 duebua
525 2838 612 2903 albis
626 2837 762 2916 curatis,
775 2827 919 2904 Latbuae
934 2838 1046 2904 bova⁴
1065 2835 1203 2902 loeminn
1223 2834 1364 2902 aurata!
1406 2835 1474 2902 Lu-

802 2987 846 3009 OOO
849 2986 984 3009 ouum

377 3084 445 3137 Edd.
465 3092 524 3149 port
540 3085 670 3150 priucipp.
686 3100 768 3152 aeque
788 3086 821 3136 ad
840 3085 1022 3137 Orneon—ld
1040 3086 1203 3136 cmmniter
1221 3084 1289 3136 Edd.
1307 3083 1435 3150 princlpp.
1448 3091 1476 3137 et

378 3151 602 3202 Macrobius—ll
619 3151 696 3201 Melit
707 3152 795 3216 Sigon.
802 3167 847 3216 pro
857 3167 883 3200 re
892 3151 1060 3216 quicque-18
1076 3149 1127 3200 Hie
1139 3151 1185 3211 ts.
1195 3151 1309 3265 provebit
1347 3157 1408 3200 ator
1417 3152 1476 3201 Ma·

378 3215 517 3266 eron-ro
532 3215 693 3266 Hoerirecte
704 3215 805 3277 ferietis
824 3215 889 3266 Mra.
900 3216 968 3266 bend
980 3217 1055 3280 pauci
1067 3223 1095 3264 et
1105 3217 1194 3266 Meerc
1214 3220 1287 3266 .-zo
1330 3217 1346 3264 Ι.
1356 3217 1476 3279 percit.-

379 3283 392 3330 l
412 3282 485 3344 Couj.
497 3281 585 3344 Sigon.
596 3281 747 3344 expiandum.
770 3280 832 3331 Vid.
842 3281 906 3332 Not.
918 3281 1028 3331 Van-i
1046 3281 1122 3330 'Vox
1132 3281 1204 3332 libror
1216 3281 1289 3331 abest
1308 3283 1341 3330 eb
1356 3282 1475 3332 omnium

378 3343 434 3394 fere
445 3347 511 3395 Mer.
520 3347 595 3411 prob.
606 3347 664 3398 dre.
676 3348 758 3398 Grou.
770 3348 814 3410 qui
827 3352 923 3409 monet,
939 3345 1100 3397 decemviro·
1106 3347 1193 3410 jussor
1204 3360 1273 3410 eree,
1290 3345 1347 3409 ipro
1358 3347 1475 3397 cermiue

378 3411 523 3475 explorato,
539 3412 573 3461 de
592 3411 726 3474 religione,
743 3427 800 3475 qum
820 3411 846 3461 iu
857 3415 1051 3476 remetiretur,
1068 3417 1095 3460 et
1106 3410 1139 3460 de
1150 3411 1217 3462 ludin
1228 3411 1378 3467 decernere,
1394 3411 1474 3472 idque

378 3475 451 3525 innui
463 3476 548 3525 verbis
558 3491 631 3540 seqq.
641 3492 669 3526 eo
679 3492 731 3526 eurr
738 3477 843 3541 ἅμματα
851 3479 970 3540 reletcpee
980 3481 1067 3534 emeat,
1077 3490 1113 3526 ec.
1125 3477 1249 3533 carmine,
1259 3490 1308 3525 uon
1321 3476 1390 3526 libri.
1421 3477 1476 3526 Sed

378 3541 509 3604 vulgatum
520 3543 583 3592 leet.
594 3541 681 3590 firmat
692 3543 810 3592 Macrcb.
825 3543 880 3592 Set.
891 3555 912 3591 1.
923 3546 965 3593 ll.
982 3542 1051 3591 unde
1069 3543 1148 3591 etiem
1164 3541 1296 3605 probabile
1312 3539 1351 3598 fir.
1372 3540 1475 3592 Livium

378 3606 528 3668 rcriprirre:
546 3607 583 3656 Eu
604 3607 644 3655 rel
664 3607 755 3658 Endon
771 3622 824 3657 cam
841 3611 935 3672 reperte
952 3609 994 3657 rel
1010 3607 1106 3656 incerta
1125 3607 1244 3670 relataque
1263 3605 1323 3656 cet!
1340 3606 1476 3672 Rupert-

379 3674 394 3720 t
412 3670 564 3736 legendum
583 3679 671 3723 mouet
690 3673 779 3736 Sigon·
794 3687 828 3722 ex
847 3672 965 3723 Mecrob.
982 3673 1046 3722 bisce
1061 3671 1204 3724 baetim-4
1220 3670 1281 3722 Vid.
1301 3670 1366 3722 Not.
1377 3671 1476 3722 Ver.-

873 3777 985 3831 NOTAE

410 3885 423 3920 t
441 3877 552 3938 liutem,
561 3877 676 3943 Romani]
692 3875 751 3928 linc
758 3877 853 3928 Marcii
864 3892 905 3928 re·
945 3879 1016 3928 hicce
1027 3876 1187 3941 temporibus
1204 3875 1231 3926 in
1248 3889 1304 3938 uru,
1321 3875 1402 3925 millio
1412 3874 1478 3926 duo·

377 3954 494 4004 ticinium
511 3951 593 4004 refert
610 3955 728 4005 Mecrcb.
741 3967 762 4005 1.
777 3954 907 4007 Saturast.
947 3954 1039 4012 decim,
1051 3954 1130 4005 libres
1140 3961 1268 4004 nostrates
1279 3957 1337 4005 850.
1347 3953 1415 4003 bend
1428 3968 1475 4004 ex·

378 4035 489 4095 erplt.
945 4031 1081 4082 ceererint.

411 4109 477 4158 'Eo
498 4123 552 4158 cera
567 4108 673 4173 iarpecte
693 4108 827 4173 alaim]
854 4109 907 4160 Mt·
980 4109 1116 4173 iliardae]
1132 4108 1201 4158 Num
1213 4102 1475 4172 potiurdrradeimil-

379 4199 446 4248 rum,
461 4185 529 4250 quod
546 4195 637 4236 norm
653 4186 710 4236 lcco
725 4196 786 4238 ente
802 4186 908 4238 laudato
946 4186 982 4236 lie
996 4199 1089 4249 nempe
1102 4186 1159 4234 erte
1170 4184 1306 4234 duodecim
1318 4182 1351 4232 ed
1361 4197 1405 4232 em
1424 4197 1467 4233 ree

379 4261 538 4320 Macrobius,
548 4261 574 4311 iu
585 4262 657 4312 libris
671 4264 804 4327 Sibyllinis
814 4263 907 4314 eedem
978 4270 991 4296 ¹
1006 4261 1073 4313 Bone
1083 4263 1180 4327 urata]
1197 4260 1304 4312 Auretir
1312 4275 1407 4326 nempe
1419 4275 1477 4312 cor·

378 4343 485 4400 reperte
494 4338 639 4388 uuutietum
649 4339 757 4389 Senatui
766 4354 832 4390 ecre.
945 4339 1029 4391 nibur.

411 4411 906 4482 ‘Dwdeeianillieoerir11ltrium‚que
