3259 5225
476 535 548 582 utu.
574 524 688 584 xx'vt.
713 535 799 584 clu.
821 518 877 584 47.
1137 517 1225 583 aaut

121 680 211 746 licos
227 677 296 744 sore
317 676 437 762 populi
455 677 603 760 Romani
618 676 738 756 edixit,
754 697 830 743 curn
846 696 909 761 spe
922 675 1113 761 propinqua
1125 676 1224 741 liber-

122 784 219 860 tatis,
235 783 265 846 si
280 780 323 847 ad
338 781 521 844 ministeria
536 781 614 845 belli
629 781 722 845 enisa
738 799 877 864 operam
890 787 1084 845 nutassent.
1128 777 1226 844 Ceto·

122 904 197 949 ram
208 883 459 949 multitudinem
473 882 661 948 incolarum
673 883 838 967 juvenum
854 901 895 948 ac
911 881 1098 947 validorum
1112 899 1228 946 serro-

121 1009 195 1055 rum
211 991 246 1056 in
261 991 405 1054 classem
421 987 464 1055 ad
481 989 749 1070 supplementum
761 989 917 1070 remigum
929 985 1032 1054 dedit.
1061 985 1107 1051 Et
1121 1006 1228 1052 auxe-

121 1100 176 1158 rat
190 1093 332 1156 naribus
347 1096 423 1155 octo
437 1091 604 1174 captivis³
620 1097 634 1136 ⁸
654 1091 803 1155 classem.
849 1089 953 1156 Extra
966 1089 1055 1155 hanc
1077 1091 1226 1156 multitu·
1342 1130 1346 1138 ι

123 1195 237 1260 diuam
257 1195 485 1277 Hispanorum
507 1193 646 1258 obsides
668 1201 780 1274 erant3
803 1212 946 1278 quorum
965 1192 1113 1278 perinde,
1134 1195 1227 1260 acsi

122 1298 290 1362 sociorum
305 1297 403 1360 liberi
418 1305 539 1374 essent,
555 1314 638 1361 cura
658 1295 783 1361 habita.
828 1295 959 1380 Captus
981 1302 1018 1361 ot
1043 1303 1227 1381 apparatus

122 1400 240 1482 ingens
255 1400 356 1478 bolli3
379 1400 560 1483 catapultae
577 1401 733 1464 maximae
756 1395 920 1464 sormunth
942 1406 1073 1464 centnm
1096 1400 1227 1484 viginti,

123 1502 270 1566 minores
282 1503 436 1568 ducenta
452 1502 627 1582 octoginta
638 1511 671 1567 et
686 1521 773 1569 urta:
797 1501 940 1566 ballistae
950 1501 1093 1586 majores
1108 1502 1228 1586 viginti
1272 1551 1277 1560 .

122 1613 205 1683 tres,
218 1605 360 1670 minores
373 1606 613 1690 quinquaginta
629 1604 726 1670 dnae:
751 1603 967 1686 scorpionum
990 1603 1153 1688 majorum
1168 1605 1228 1670 mi·

123 1725 315 1791 notumque
330 1715 365 1772 et
379 1726 545 1772 armornm
569 1706 779 1790 telorumque
800 1706 919 1788 ingens
933 1723 1109 1771 numerus:
1131 1707 1228 1799 signa

123 1810 284 1875 militaria
298 1810 507 1895 septuaginta
520 1815 671 1895 quatuor.
716 1809 759 1872 Et
773 1808 844 1872 anri
854 1809 1049 1893 argentique
1061 1807 1169 1873 relata
1183 1807 1228 1873 ad

124 1911 360 1994 imperatorem
384 1931 505 1994 magna
529 1912 602 1978 ris:
626 1917 752 1997 paterae
777 1929 889 1975 aurete
915 1909 1048 1974 fuerunt
1072 1908 1227 1976 ducentae

126 2014 340 2097 septuaginta
355 2033 429 2092 sex,
448 2014 552 2078 libras
567 2014 671 2079 terme
685 2031 803 2078 omnes
823 2011 955 2097 pondo:
977 2011 1103 2094 argenti
1121 2011 1227 2076 tacti⁵

125 2115 317 2201 signatique
331 2115 446 2181 decem
461 2123 495 2182 et
509 2123 588 2182 octo
603 2117 711 2182 millia
729 2123 766 2181 et
786 2122 931 2182 trecenta
950 2114 1066 2200 pondo
1077 2111 1108 2182 :¹
1129 2134 1227 2180 vaso-

123 2237 197 2282 rurn
214 2225 443 2302 argenteorum
469 2238 606 2302 magnus
625 2237 795 2284 numerus.
841 2217 930 2283 Haec
954 2219 1068 2282 omnia
1094 2216 1134 2281 C.
1149 2217 1228 2283 Fla·

122 2319 228 2386 minio
241 2323 399 2405 quaestori
415 2339 568 2405 appensa
579 2326 860 2404 annumeratuque
874 2328 964 2386 sunt.
1007 2319 1129 2385 Tritici
1144 2339 1228 2404 qua·

124 2421 278 2506 draginta
287 2419 597 2500 milliurnodium,⁶k
619 2420 732 2487 bordei
748 2421 895 2488 ducenta
905 2422 1132 2507 septuaginta.
1154 2422 1227 2488 Na-

122 2544 186 2590 res
205 2526 365 2590 onerariae
388 2525 562 2609 sexaginta
585 2531 674 2590 ttes⁷
696 2527 729 2589 in
752 2531 850 2610 portu
874 2534 1075 2610 expugnatae
1098 2534 1229 2609 captae-

124 2648 210 2712 que:
226 2628 381 2713 quaedam
391 2647 467 2693 cum
481 2628 552 2692 suis
564 2626 735 2704 oneribus,
745 2628 920 2705 frumento,
932 2628 1047 2706 armis,
1061 2649 1130 2694 aare
1141 2650 1229 2715 prar-

125 2737 226 2796 terea
235 2728 399 2815 ferroque,
410 2742 445 2795 et
457 2730 578 2808 linteis,
588 2738 625 2795 et
641 2737 767 2816 sparto,
782 2735 817 2796 et
828 2730 940 2795 navali
952 2730 1020 2797 alia
1029 2732 1168 2797 materia
1181 2732 1226 2797 ad

586 2925 766 2950 ueeeeuuu

126 3073 190 3123 Ver.
201 3080 300 3126 otmar
316 3078 400 3141 populo
411 3078 529 3129 Rosa-b
546 3077 554 3108 ‘
566 3078 644 3129 Haud
663 3078 740 3128 dubie
760 3078 788 3128 X
793 3078 847 3127 VII
850 3078 871 3127 I.
890 3076 992 3141 captiuis
1002 3076 1052 3140 leg.
1064 3091 1080 3125 e
1091 3075 1185 3138 Polyb.
1194 3080 1227 3127 ἰ.

127 3140 167 3189 tr.
179 3141 279 3190 ll-lt!
296 3142 445 3206 ἔωσι-4
464 3144 535 3194 Vett.
554 3145 613 3194 iibri
629 3144 699 3209 apud
711 3142 944 3207 dignusne-t
963 3141 1049 3201 Iru‘ecti
1065 3142 1132 3205 conj.
1145 3142 1228 3193 Grau.

127 3204 299 3269 probantibus
311 3208 473 3273 Deering.et
484 3210 644 3275 Rupere-b
662 3209 704 3259 ΑΙ.
722 3209 911 3259 amiam-t
930 3207 1037 3257 cxnl.
1055 3206 1137 3259 Gron.
1155 3208 1228 3257 Dou-

543 3416 552 3427 ι
621 3386 730 3439 NO'l'AE

156 3508 170 3545 t
197 3500 310 3551 Naribus
328 3508 380 3551 octo
398 3501 513 3568 enpttris]
539 3503 656 3569 Apparet
696 3502 753 3568 gius
771 3510 800 3554 et
817 3504 878 3554 Pnt.
894 3503 974 3553 tn'tiei
988 3503 1228 3568 quadringentnail·

123 3582 211 3627 tamen
224 3590 258 3628 ex
269 3576 379 3641 Polybio
390 3586 480 3644 captas
491 3578 570 3630 finisse
582 3588 656 3632 octo·
696 3582 728 3629 liu
739 3580 849 3629 modium.
870 3580 929 3631 Iam
941 3580 1107 3629 observatum
1121 3588 1161 3629 est
1173 3595 1227 3631 mo·

124 3652 210 3703 decim
224 3654 473 3718 Carthaginienslum
485 3670 572 3709 naves.
695 3657 764 3706 diurn
778 3656 951 3705 Romanorum
963 3656 1082 3705 babuisse
1091 3655 1170 3705 librar
1181 3670 1228 3705 rex

154 3726 322 3793 ¹Catapulta
333 3732 549 3798 arsimssmoe]
566 3734 655 3799 Sigon.
695 3735 1074 3800 etvigiaticuuroctonncils.
1100 3736 1226 3785 Siuucioe

125 3804 262 3869 Catapulta
284 3807 395 3857 ummo
406 3807 487 3867 serrae
506 3815 600 3861 certast
616 3812 654 3861 oi·
695 3811 1226 3877 Romanauostrisresponderent,psrnor

120 3884 198 3947 cisti·
223 3880 228 3899 ⁵
695 3890 804 3939 distaret
815 3888 917 3955 modius
927 3903 942 3937 a
954 3888 1108 3939 duodecima
1119 3888 1228 3938 sextarii

168 3958 269 4011 mern
288 3966 312 4011 et
334 3966 388 4011 octo
407 3961 484 4013 mittio
503 3967 529 4013 et
550 3968 656 4015 trecenta
694 3966 808 4031 majoris,
819 3979 864 4015 seu
877 3965 1040 4024 Parisicnsis,
1051 3972 1137 4031 parte,
1148 3980 1226 4030 qnam
1255 4007 1258 4014 .

122 4036 214 4103 mo]
236 4036 388 4103 &neverit
403 4039 458 4089 bac
478 4053 577 4089 summa
596 4054 656 4097 sex·
694 4057 817 4093 vocamus
837 4058 870 4092 aa
891 4042 1006 4094 boiam
1039 4044 1107 4094 ilaec
1128 4048 1226 4109 qnippe
1268 4100 1272 4103 g

123 4120 199 4165 cents
222 4122 251 4164 et
273 4115 411 4177 sexaginta
429 4113 513 4166 senno
532 4116 655 4167 librarum
694 4131 813 4168 mensura
832 4116 957 4168 frumenti
974 4118 1052 4168 libras
1066 4119 1172 4169 circiter
1189 4120 1226 4168 vi·

123 4190 309 4243 Francicntum
320 4190 419 4240 millia:
437 4191 535 4254 pondus
553 4193 655 4255 argenti
695 4194 760 4259 giuti
781 4195 943 4245 Parisieuses
967 4196 1095 4259 conticet,
1117 4211 1226 4260 quarum

124 4265 193 4317 mnu
211 4266 320 4317 multum
339 4267 481 4317 excesserit
500 4278 610 4333 quatuor
626 4275 655 4319 et
694 4270 803 4334 singulae
822 4270 934 4321 sederint
951 4278 1011 4322 suut
1022 4273 1155 4323 unciarum
1166 4287 1226 4323 nor·

124 4344 217 4407 viginti
228 4344 310 4393 millia
322 4358 475 4394 marcarum.
696 4355 801 4399 tratum.

155 4418 168 4457 Ι
186 4422 356 4485 Quadraginta
372 4423 450 4475 stillis
466 4424 580 4491 modian]
604 4424 655 4474 lte.
1063 4452 1066 4455 ·

190 4504 279 4569 uersa
288 4511 314 4557 rt
329 4508 389 4561 νιν.
397 4504 464 4557 Cirr.
634 4507 727 4558 dirius.
1113 4510 1128 4555 t
1147 4506 1161 4555 1
