3259 5225
508 518 580 565 nra.
607 515 754 565 xxvur.
779 514 861 563 oar.
883 498 938 563 42,
1169 496 1283 606 2477Ι

158 664 235 729 dem
249 660 309 729 ille
325 661 366 728 L.
382 659 558 741 Marcius,¹
571 670 605 729 et
620 662 756 729 militari
772 657 983 743 suffragioad
993 657 1257 745 tempuslectus,

160 773 319 844 ceterum,
333 768 364 831 si
377 767 534 832 nobilitas
549 785 590 831 ac
599 765 685 849 justi
699 764 842 829 honores
856 763 1066 840 edomarent,
1080 761 1179 827 claris
1194 761 1258 825 im-

160 870 371 952 peratoribus
393 870 539 952 qualibet
564 876 635 934 arte
657 868 738 933 belli
764 886 844 951 par:
867 875 1064 950 oppugnata
1086 886 1145 950 per
1168 884 1258 928 sum-

159 990 252 1035 mum
267 973 375 1036 otium
397 970 575 1055 Carthago,
597 972 689 1037 nullo
712 970 810 1036 trium
831 970 1036 1035 Punicorum
1045 968 1259 1033 exercituum

162 1073 278 1138 rocios
293 1072 516 1139 defendente!
572 1073 702 1149 Cetera,
716 1092 824 1157 neque
838 1091 882 1137 ea
900 1072 1008 1151 elevo,
1027 1070 1123 1135 nullo
1146 1076 1261 1134 tamur
1283 1095 1286 1108 ·

161 1175 262 1241 modo
276 1174 394 1241 Africo
410 1175 499 1241 hello
514 1175 759 1261 comparanda3
774 1177 832 1242 uhi
845 1195 913 1240 nou
929 1181 1043 1259 portus
1056 1172 1146 1237 ullus
1157 1171 1263 1237 classi

162 1284 288 1343 nostrae
312 1284 459 1362 apertus,
483 1298 551 1343 nou
571 1297 651 1360 ager
670 1287 827 1363 pacatus,
847 1298 915 1343 nou
934 1278 1055 1343 civitas
1070 1276 1178 1353 socia,
1192 1292 1261 1339 non
1284 1312 1288 1321 ·

162 1398 225 1443 rex
239 1380 379 1458 amicus,
395 1400 463 1446 nou
477 1380 681 1447 consistendi
693 1400 837 1465 usquam
847 1382 956 1459 locos,
970 1399 1037 1444 nou
1049 1377 1261 1464 procedendi.

71 1510 80 1527 ·
164 1480 389 1567 Quacumque
410 1482 699 1567 circumspexeris,
720 1484 858 1549 hostilia
878 1482 991 1547 omnia
1012 1486 1110 1565 atque
1127 1479 1261 1545 infesta.

164 1582 219 1648 Au
235 1584 384 1669 Syphaci
407 1584 633 1670 Numidisque
655 1586 788 1653 credisl
812 1586 897 1651 satis
913 1585 959 1650 sit
972 1585 1075 1649 semel
1088 1582 1262 1648 creditum.

165 1686 245 1751 Non
261 1706 394 1773 semper
415 1690 587 1755 temeritas
610 1695 662 1754 est
683 1689 786 1770 felix3
810 1696 845 1755 et
866 1690 957 1754 fraus
978 1687 1075 1751 tidem
1096 1687 1131 1751 in
1146 1685 1261 1769 parvis

165 1790 230 1857 sihi
251 1792 435 1873 praestruit‚
456 1797 504 1870 ut,
527 1811 603 1857 cum
626 1811 739 1875 operae
761 1793 906 1876 pretium
928 1791 985 1867 sit,
1006 1808 1083 1854 cum
1107 1788 1262 1853 mercede
1285 1810 1290 1822 ·

163 1910 285 1973 magna
300 1892 425 1959 fallat·
462 1892 544 1959 Nou
566 1894 685 1959 hostes
707 1902 834 1979 patrem
857 1901 1082 1977 patruumque
1099 1898 1193 1956 tuum
1210 1910 1262 1955 ar·

165 1996 229 2059 mis
251 1994 359 2079 prius,
383 2016 482 2081 quam
507 1995 668 2062 Celtiberi
689 1998 774 2061 socii
795 1994 925 2074 fraude,
951 1996 1260 2061 circumvenerunt:
1289 2033 1294 2045 -

165 2117 228 2164 noc
249 2099 309 2165 tibi
332 2098 399 2182 ipsi
422 2118 444 2164 a
466 2099 614 2181 Magone
637 2103 673 2164 et
695 2097 920 2177 Hasdrubale,
941 2098 1089 2164 hostium
1110 2097 1264 2174 ducibus,
1291 2117 1296 2129 ·

164 2208 327 2284 quantum
342 2201 386 2265 ah
402 2199 541 2266 Indibili
564 2208 599 2268 et
620 2199 806 2267 Mandonio
827 2202 862 2266 in
878 2200 979 2267 fidem
994 2200 1160 2285 acceptis,
1176 2200 1266 2284 peri·

166 2302 236 2367 ooli
249 2302 323 2368 soit.
367 2302 527 2369 Numidis
547 2308 583 2369 tu
604 2302 739 2369 credere
760 2311 870 2387 potes,
884 2304 1106 2370 defectionem
1120 2303 1267 2368 militum

165 2411 297 2470 tuorum
312 2406 500 2490 expertast
544 2406 591 2471 Et
605 2406 749 2492 Syphax
763 2414 798 2473 et
810 2408 1000 2473 Masinissa
1009 2426 1059 2485 se,
1069 2425 1171 2490 quam
1182 2406 1266 2473 Gar·
1290 2431 1294 2440 ·

166 2508 401 2591 thaginieuses,
423 2508 554 2575 malunt
574 2515 725 2596 potentes
738 2518 766 2560 ¹⁴
788 2510 825 2575 in
841 2509 959 2576 Africa
972 2529 1068 2591 esae3
1087 2508 1267 2592 Carthagi-

166 2610 312 2691 nienses,
326 2631 428 2697 quam
443 2632 635 2698 quenquam
649 2615 764 2680 alium.
821 2614 922 2691 Naue
934 2614 1015 2679 illos
1029 2612 1202 2680 aemulatio
1215 2611 1268 2678 in·

167 2721 219 2780 ter
229 2733 303 2780 sese
317 2720 350 2780 et
364 2733 480 2780 omnes
494 2736 609 2783 causae
618 2717 833 2784 certaminum
842 2721 979 2794 acuunt,
991 2717 1074 2801 quia
1084 2715 1199 2801 procul
1207 2733 1269 2780 ex·

169 2822 279 2882 ternos
307 2823 417 2884 metus
447 2826 512 2884 est.
556 2817 742 2885 Ostende¹⁵
772 2819 931 2886 Romana
954 2838 1058 2897 arma,
1082 2818 1267 2883 exercitum

168 2921 409 3004 alienigenam
434 2921 589 2987 velutad
605 2942 778 2988 commune
793 2920 1063 3005 restinguendum
1077 2919 1268 2985 incendium

168 3028 374 3088 concurrent.
419 3020 528 3089 Aliter
552 3023 654 3090 iidem
676 3024 727 3089 illi
748 3023 1040 3106 Carthaginienses
1063 3022 1269 3107 Hispaniam

148 3119 151 3127 ’
169 3124 400 3192 defenderunt:
412 3125 507 3192 aliter
521 3129 647 3193 moenia
661 3128 790 3212 patrioe,
805 3129 932 3213 templa
944 3127 1070 3219 Deum,
1084 3143 1160 3190 aras
1174 3129 1208 3190 et
1217 3124 1270 3189 lo·

169 3247 241 3306 cos,
256 3227 453 3310 defendent3
468 3249 545 3295 com
561 3236 678 3296 euntes
693 3229 729 3294 iu
741 3230 894 3314 praelium
908 3229 1035 3314 pavida
1046 3234 1270 3314 prosequetur

170 3329 310 3414 conjux,
325 3335 358 3395 et
372 3331 470 3417 parvi
483 3333 580 3398 liberi
602 3335 841 3399 occursabant.
886 3331 978 3412 Quid
994 3331 1121 3416 porroi
1142 3331 1270 3397 riaetis

171 3435 291 3501 contisi
304 3434 596 3518 Carthaginienses
612 3456 779 3502 consensu
793 3434 933 3515 Airicae,
948 3435 1015 3500 fide
1035 3435 1204 3500 sociorum
1219 3452 1271 3498 re·

171 3557 262 3622 gum,
288 3539 456 3604 moenibus
481 3539 567 3617 suis,
595 3557 674 3604 oum
696 3546 756 3605 tuo
781 3539 1017 3624 exercitusque
1039 3538 1090 3603 tui
1111 3533 1270 3622 praesidio

204 3677 213 3729 ἕ
231 3694 353 3756 cmtrgo
367 3695 442 3756 Nora,
454 3694 510 3745 ticet
520 3709 566 3744 ano
575 3695 615 3745 die
623 3699 702 3760 copta,
712 3701 790 3746 tomen
799 3695 945 3760 proepmtis
954 3701 1026 3746 anteo
1034 3695 1160 3759 peratiae
1169 3693 1271 3743 rhodb-

171 3761 212 3810 nis
221 3759 385 3810 testamentis
395 3760 544 3824 impugnata,
561 3761 652 3810 anniae
662 3761 764 3810 turrim
771 3762 919 3826 probibente,
927 3765 969 3826 &a

205 3834 219 3858 ¹
235 3825 422 3884 Etfruudulaenti
433 3823 615 3889 luminnfidrrn
623 3826 670 3875 sibi
680 3827 899 3889 comparantfectir
908 3827 934 3876 in
943 3826 1043 3890 specim
1051 3825 1157 3876 maru
1166 3839 1195 3873 ec
1205 3823 1270 3889 fide·

173 3891 245 3955 tibur,
255 3895 282 3940 at
292 3895 373 3954 mnes
378 3889 479 3950 seritius
490 3895 514 3940 et
524 3889 609 3949 majori
619 3905 663 3940 rue
673 3891 780 3942 utilitate
791 3893 910 3957 deripiant
921 3907 960 3942 eor
970 3892 1054 3956 prribrrr
1061 3891 1165 3941 Mandata
1174 3894 1240 3939 runt.

628 4035 813 4060 unumne

175 4135 357 4187 Potentirrirror
372 4134 453 4186 Grou-
465 4133 637 4199 Doujrt.-15
654 4133 1060 4201 ndd.tttuorou.noujrr.-1o
1076 4134 1146 4186 Olim
1159 4135 1192 4187 rh
1204 4135 1272 4186 Rhe·

670 4249 778 4302 NO'l'AE

439 4347 494 4398 fh.
512 4347 633 4414 Marcios]
650 4349 718 4399 Vide
737 4351 756 4399 l.
778 4363 842 4400 xxv.
861 4367 885 4401 c.
897 4355 936 4400 ³7.
949 4356 976 4401 et
987 4367 1062 4417 rrqq.
