3259 5225
480 521 553 570 crs.
576 520 692 571 axvr.
715 521 799 571 cnr.
819 505 874 572 Sd.
1131 505 1218 574 aas

114 671 153 736 in
165 665 243 752 ejns
253 663 388 734 laudem
402 672 595 750 postremas
611 666 843 734 Romanorum
860 667 1109 752 imperaturam,
1123 685 1219 752 pres·

113 769 292 858 perlatura
307 768 455 834 maxime
469 768 602 835 bellicis
616 772 730 850 rebus,
743 770 893 836 caderet

161 873 219 939 all.
239 872 444 938 Permutatis
457 873 655 958 provinciis,
668 873 785 954 Siculi,
808 875 843 940 iu
864 877 1014 940 senatum
1025 869 1221 952 introducti,

117 977 225 1042 multa
237 975 281 1042 de
295 974 460 1040 Hieronis
473 976 562 1059 regis
583 975 651 1042 fide
670 981 834 1062 perpetus
858 995 939 1060 erga
961 975 1125 1059 populum
1149 973 1222 1040 Ro-

117 1097 258 1145 mauum
272 1080 378 1144 rerba
396 1077 555 1156 fecerunt,
573 1079 608 1144 in
631 1080 771 1162 gratiam
793 1079 964 1166 publicam
988 1069 1222 1157 avertentes',²·

119 1177 395 1266 ‘Hieronymum
408 1199 451 1246 ac
465 1184 586 1266 pom
601 1181 847 1266 Hippocratem
868 1189 903 1248 et
922 1179 1097 1267 Epicyden
1111 1184 1222 1266 tyrau-

119 1300 198 1360 nos,
210 1301 288 1347 cam
302 1283 348 1348 ob
362 1281 443 1360 alia,
457 1287 527 1348 tam
543 1289 682 1368 propter
694 1282 918 1350 defectionem
934 1285 980 1351 ab
995 1282 1161 1348 Romanis
1176 1281 1221 1348 ad

121 1382 362 1463 Hannibalem,
376 1385 506 1452 inrisos
517 1385 625 1453 fuisse
647 1386 724 1453 sibi.
753 1387 825 1454 -Ob
841 1405 914 1453 eam
936 1403 1076 1453 cansam
1090 1392 1124 1452 et
1138 1385 1224 1450 Hie-

120 1499 295 1572 ronymum
310 1507 334 1554 a
354 1487 561 1573 principibus
579 1487 764 1573 juventutis
785 1507 894 1575 prope
916 1487 1056 1574 publico
1080 1487 1222 1554 consilio

120 1589 342 1671 interiectum,
356 1599 394 1656 et
407 1593 442 1656 iu
457 1591 621 1678 Epicydis
634 1591 926 1678 Hippocratisque
941 1591 1069 1659 cadem
1084 1596 1222 1677 septua-

121 1691 504 1774 gintanobilissiruornm
512 1693 678 1778 juvenum
688 1694 950 1779 conjurationem
959 1695 1105 1777 lactam3
1120 1713 1222 1778 quos,
1275 1723 1277 1728 v

123 1792 281 1859 Marcelli
294 1813 390 1862 mora
399 1795 593 1877 destitutos,
606 1797 688 1882 qula
700 1797 746 1864 ad
759 1797 960 1883 prmdictnm
981 1803 1114 1881 tempus
1123 1811 1222 1862 'aer

123 1895 231 1961 citum
244 1895 289 1962 ad
302 1897 493 1982 Syracusas
505 1919 573 1965 uon
593 1899 812 1981 admouisset,
833 1898 958 1966 indicio
981 1899 1085 1979 iacto,
1107 1917 1222 1965 omnes

122 1999 170 2062 ab
188 2001 338 2084 tyrannis
360 2001 563 2068 interiectos.
606 2001 693 2068 Eam
707 2021 845 2088 quoquo
871 2001 1098 2088 Hippocratis
1120 2009 1223 2086 atque

122 2100 290 2186 Epicydis
308 2103 516 2188 tyrannidem
537 2104 737 2170 Marcellum
758 2106 942 2183 excitasse,
956 2105 1130 2171 Leontinis
1148 2123 1223 2170 cru·

123 2201 410 2291 deliterdireptis.
453 2205 781 2292 Nunquam'deinde
803 2208 975 2292 principes
997 2207 1223 2294 Syracusano-

123 2319 197 2370 rum
210 2305 340 2374 desisse
353 2309 398 2374 ad
414 2307 610 2376 Marcellum
629 2313 769 2377 transire
791 2309 1022 2396 pollicerique,
1040 2329 1078 2375 se
1092 2310 1222 2386 urbem,

122 2427 204 2474 cnm
215 2409 325 2491 vellet,
338 2412 371 2476 ei
385 2412 576 2479 traditurus.
619 2413 689 2479 Sed
709 2435 785 2480 eum
807 2413 964 2499 primori
982 2431 1104 2496 copem
1118 2413 1223 2478 malu-

122 2511 215 2578 isse:
237 2511 328 2592 dein,
342 2533 418 2580 cum
436 2514 474 2580 id
495 2509 603 2602 oeque
622 2525 725 2593 terra,
746 2533 855 2601 oeque
869 2515 965 2594 mari,
981 2516 1095 2581 omnia
1106 2533 1224 2600 exper-

124 2623 194 2695 tus,
221 2618 400 2700 potuisset,
426 2607 578 2685 ancoris
602 2620 800 2685 traditarum
825 2618 1069 2704 Syracusarum
1089 2618 1223 2683 fabrum

123 2719 282 2785 arrarlnm
307 2718 420 2785 Sosim
443 2728 481 2785 et
502 2720 670 2788 Merinum
696 2721 903 2807 Hispanum,
927 2740 1027 2807 quarn
1053 2720 1223 2807 principes

123 2822 411 2906 Syracusanorum
425 2824 560 2903 habere,
574 2826 679 2891 toties
692 2824 728 2890 id
745 2826 967 2909 nequicquam
983 2824 1071 2890 ultro
1085 2823 1224 2889 offeren-

121 2930 187 3003 tes,
205 2938 432 3009 praeoptasse:
455 2946 525 3011 quo
544 2927 676 2995 scilicet
691 2927 833 3013 justiore
854 2925 896 2992 de
917 2945 1025 2991 causa
1039 2924 1224 2992 vetustissi-

123 3046 203 3093 mos
218 3028 332 3094 socios
346 3029 466 3114 populi
481 3028 627 3097 Romani
642 3028 820 3096 trucidaret
834 3047 875 3095 ac
887 3027 1059 3114 diriperet.
1102 3028 1222 3095 Sinon

124 3130 354 3216 Hieronymus
369 3130 413 3197 ad
430 3130 653 3198 Hannibalem
668 3131 858 3208 defecisset,
879 3128 938 3197 sed
961 3130 1109 3216 populus
1123 3131 1223 3215 Syra-

125 3252 271 3299 cusanus
286 3238 321 3299 et
333 3242 484 3311 senatus.
499 3232 530 3299 si
543 3240 659 3320 portas
674 3233 840 3299 Marcello
859 3232 1063 3318 Syracusani
1077 3230 1222 3316 publice,

124 3341 160 3415 et
172 3354 255 3415 non,
269 3337 441 3420 oppressis
456 3336 692 3422 Syracusanis,
706 3334 837 3420 tyranni
857 3354 971 3400 eorum
991 3334 1224 3419 Hippocrates

123 3446 161 3510 et
174 3438 357 3525 Epicydes,
370 3438 587 3517 clausissent,
608 3439 640 3504 si
660 3435 985 3520 Carthaginiensium
1007 3436 1129 3503 animis
1150 3436 1221 3501 bel·

583 3620 763 3645 ”eumont

157 3734 340 3786 a‘r'errerro
353 3736 467 3787 malebat
483 3737 566 3789 Grou.
598 3736 649 3788 Sed
668 3735 788 3786 rimilltrr
805 3742 911 3786 aserim
929 3748 977 3799 pro
996 3734 1065 3797 vulg.
1089 3738 1179 3784 certem
1196 3740 1224 3784 et

125 3813 217 3865 sycon.
228 3802 323 3866 panim
333 3801 439 3867 dicitur,
449 3818 474 3853 r.
484 3817 508 3853 c.
519 3816 592 3854 mr.
603 3807 644 3854 19.
661 3813 742 3852 mr.
752 3806 791 3853 11.
808 3814 910 3852 xxxvi.
920 3804 945 3851 1.
962 3812 1007 3851 xc.
1016 3804 1058 3851 11.
1077 3800 1223 3850 ‘Averten-

623 3946 731 3999 NOTAE

157 4052 177 4079 ¹
189 4044 657 4111 Priauermmroegnrims
693 4058 754 4095 cam
771 4058 803 4096 eo
817 4043 954 4096 commissa
968 4042 1090 4094 occubuit
1102 4040 1135 4092 ad
1146 4040 1225 4091 Pete·

124 4120 207 4186 perd]
223 4122 292 4171 Nam
308 4122 386 4171 ricria
395 4134 498 4187 temper
509 4129 589 4173 antea
604 4122 656 4172 rte
695 4120 756 4170 liam
768 4120 814 4171 rin.
825 4134 919 4171 xxvrr.
930 4134 989 4184 cap.
998 4122 1040 4169 17.

126 4198 209 4249 mir
220 4197 256 4249 ab
266 4196 423 4261 Hannibale,
435 4198 531 4264 primns
542 4199 655 4249 omniun
726 4206 740 4232 ⁸
756 4198 788 4247 Ia
806 4196 914 4260 prdem
936 4196 1053 4260 pullicum
1079 4194 1224 4260 morarer]

125 4276 269 4325 Marcellae
296 4290 423 4341 prospere
446 4276 571 4327 adrerrnr
596 4290 655 4327 eam
694 4276 765 4332 Sive,
776 4282 805 4326 at
817 4276 915 4325 mrrnlt
931 4274 1048 4327 Gronov.
1060 4276 1186 4328 muter,
1197 4270 1225 4319 ld

126 4360 290 4416 pugnarent
309 4352 379 4417 apud
398 4353 495 4402 Nolam
511 4352 559 4403 lib.
570 4364 654 4403 rxrrr.
695 4350 935 4415 ert‚trrl1euteaad
953 4350 1055 4403 laudern
1070 4348 1159 4416 populi
1177 4348 1225 4413 Sy·

127 4442 186 4494 sap.
196 4432 240 4479 ld.
263 4429 337 4481 Idem
348 4436 478 4496 postremo
495 4430 553 4481 loco
569 4444 656 4495 pugna
694 4428 822 4487 resumi,
833 4430 884 4481 dtr.
