3259 5225
420 614 423 619 Ι
515 540 587 590 arn.
613 536 762 588 xxvrrr.
788 534 870 585 ear.
893 520 947 585 43.
1174 517 1262 586 aral

167 690 259 755 ribus
274 694 355 753 natu
369 692 406 733 Η
429 684 528 751 animi
543 684 601 765 sit,
616 692 652 751 ut
666 682 824 761 nolimus,
840 698 1028 766 quenquam
1043 677 1149 745 nostri
1170 680 1264 747 aimi-

168 791 233 863 lam
247 788 385 857 evadere
398 788 517 853 ciuem.
562 786 605 854 Id
620 786 706 853 enim
718 805 785 851 narr
797 802 911 851 eorum
924 784 1035 862 modo,
1045 784 1170 868 quibus
1180 785 1265 851 iuvi·

168 893 325 971 derimus,
350 890 409 955 aad
430 890 479 955 rei
504 890 709 973 publicaret
734 907 832 974 paene
857 889 965 952 omnis
983 888 1110 970 generis
1129 886 1266 952 hnmani

168 997 402 1062 detrimentum
415 994 468 1059 sit.
512 992 807 1071 Commemoravit,
822 998 984 1075 quantum
998 1010 1108 1055 essem
1123 990 1267 1073 periculi

168 1098 331 1175 aditums,
346 1098 375 1162 si
391 1098 426 1163 in
440 1095 591 1162 Africam
608 1094 822 1178 trajicerem3
843 1101 882 1158 nt
900 1114 1010 1158 meam
1031 1112 1176 1178 quoqne,
1196 1113 1266 1158 non

169 1202 280 1267 solum
294 1201 343 1266 rei
359 1201 506 1285 publicae
526 1206 561 1264 et
580 1200 761 1275 exereitus,
781 1198 892 1263 vicem
911 1195 1078 1262 videretur
1101 1196 1267 1261 solicitas.

169 1304 270 1371 Unde
280 1304 355 1370 haee
367 1310 500 1387 repente
512 1320 596 1368 nura
610 1301 653 1367 de
669 1322 722 1366 me
737 1300 879 1367 exortat
900 1318 977 1365 eum
997 1306 1092 1384 pater
1111 1305 1268 1383 patruus·
1293 1347 1296 1352 <

170 1425 236 1492 que
251 1425 346 1471 mens
366 1404 542 1483 interfecti,
558 1423 635 1470 cum
656 1404 725 1469 duo
747 1401 916 1467 exercitus
931 1420 1043 1467 eorum
1057 1419 1163 1486 prope
1178 1402 1269 1467 occi·

169 1508 270 1574 diune
284 1508 390 1573 occisi
405 1513 531 1583 essent,
555 1526 632 1571 cum
657 1504 790 1570 emisam
818 1503 1011 1588 Hispaniae,
1030 1523 1105 1569 eum
1126 1510 1269 1587 quatuor

171 1609 340 1675 exereitus
355 1610 538 1675 Poenorum
550 1609 785 1693 quatuorque⁵
809 1608 913 1672 duces
925 1608 1139 1671 omniametu
1151 1608 1270 1672 armis·

171 1732 238 1796 que
254 1716 413 1790 tenerent,
428 1731 503 1775 eum
521 1710 684 1794 quaesitns
698 1709 742 1775 ed
761 1710 797 1775 id
817 1710 942 1775 bellum
967 1710 1150 1795 imperator
1172 1728 1271 1776 nemo

170 1834 207 1880 aa
219 1812 421 1893 ostenderet,
437 1818 555 1899 praeter
569 1832 634 1891 me,
644 1832 742 1877 nemo
757 1813 905 1897 profiteri
914 1831 1037 1877 nomen
1049 1830 1155 1877 ausus
1167 1818 1270 1891 esset,

170 1936 248 1983 oum
261 1918 341 1982 mihi
354 1924 495 2001 quatuor
509 1925 544 1981 et
558 1914 675 1999 viginti
692 1930 797 1981 annos
812 1922 893 1982 nato
907 1915 1081 1982 detulisset
1093 1915 1271 2000 imperium
1315 1974 1319 1984 .

170 2020 322 2105 populus
343 2018 534 2099 Romaans;
557 2018 638 2102 qnid
652 2018 702 2084 ita
715 2026 785 2085 tum
800 2036 901 2083 nemo
916 2023 1050 2083 aeuum
1070 2036 1191 2096 meam,
1204 2019 1270 2082 uim

171 2123 332 2199 hostium,
347 2120 576 2185 difficultatem
592 2120 687 2199 belli,
704 2120 809 2205 putris
832 2122 1009 2205 patruique
1023 2130 1188 2187 recentem
1203 2120 1271 2187 cla·

171 2224 249 2289 dem
264 2224 569 2289 commemorabatt
616 2221 738 2287 Utrum
753 2221 860 2308 major
874 2222 989 2306 aliqua
1003 2243 1091 2289 nunc
1105 2223 1140 2288 in
1155 2223 1270 2289 Africa

171 2326 347 2392 calamitas
363 2332 506 2409 accepta
526 2329 591 2405 est,
613 2344 715 2409 quam
729 2332 808 2391 tune
825 2327 861 2390 in
885 2325 1056 2410 Hispania
1075 2327 1172 2391 erati
1216 2324 1272 2391 An

171 2428 316 2512 majores
330 2444 419 2491 nnnc
434 2432 512 2491 aunt
525 2429 690 2493 exereitus
706 2427 741 2491 in
755 2426 886 2506 Africa,
901 2429 1009 2494 duces
1022 2429 1141 2513 plures
1154 2428 1273 2493 melia·

171 2550 304 2617 reaque,
330 2549 430 2616 quam
455 2536 535 2595 tuno
557 2528 590 2595 in
611 2530 784 2616 Hispania
805 2530 970 2596 fuerunti
1016 2530 1072 2597 An
1094 2536 1179 2597 aetas
1198 2549 1274 2597 mea

171 2641 252 2698 tnnc
263 2633 423 2700 maturior
438 2632 529 2699 bellu
544 2634 688 2718 gerendo
704 2634 781 2713 tuit,
797 2653 899 2719 quam
914 2653 1004 2699 nuno
1019 2636 1096 2700 esti
1130 2633 1185 2699 An
1196 2655 1273 2701 eum

173 2734 437 2819 Carthaginiensi
455 2735 551 2802 hosta
573 2737 609 2802 in
629 2737 816 2824 Hispania,
837 2756 941 2821 quarn
955 2737 992 2801 in
1005 2735 1134 2816 Africa,
1147 2737 1273 2802 bellum
1378 2771 1382 2780 ·

174 2838 244 2921 geri
258 2837 372 2922 aptius
386 2827 463 2904 esti
489 2901 490 2906 ,
509 2839 623 2906 Facile
638 2847 701 2916 est,
715 2848 794 2924 post
805 2838 902 2904 fusos
913 2839 1115 2925 fugatosque
1128 2847 1274 2926 quatuor

173 2929 341 3006 exercitus
356 2939 515 3020 Punicos,
531 2944 610 3025 post
628 2948 679 3005 tot
697 2942 797 3006 nrbes
820 2941 856 3006 ri
875 2948 995 3026 eaptus
1009 2949 1069 3007 aut
1091 2948 1181 3007 metu
1195 2943 1275 3008 sub·

173 3051 269 3110 actas
283 3042 499 3122 inditionem,
513 3051 592 3128 post
602 3042 789 3128 perdomita
797 3043 913 3110 omnia
922 3063 1031 3129 nsque
1042 3044 1086 3110 ad
1099 3062 1276 3124 oceanum,

173 3150 223 3212 tot
238 3145 382 3230 regnier,
401 3149 452 3212 tot
466 3164 576 3211 saevas
591 3151 721 3228 gentes,
740 3151 821 3230 post
834 3152 1009 3230 receptam
1029 3151 1134 3211 totam
1144 3145 1273 3231 Hispa·

175 3249 277 3328 niam,
297 3248 347 3314 ita
370 3253 408 3312 ut
430 3248 603 3331 vestigium
628 3247 754 3314 nullum
778 3249 858 3315 belli
879 3249 1045 3333 reliquum
1065 3249 1122 3328 eit,
1145 3249 1276 3316 elevare

174 3370 270 3416 meas
283 3368 336 3414 ras
350 3357 485 3432 gestas:
501 3357 582 3429 tam,
591 3349 754 3431 Hercule,
767 3370 878 3435 quam,
887 3353 919 3417 si
928 3353 1035 3416 rietur
1047 3369 1092 3416 ex
1101 3351 1277 3418 Asrieare·

175 3452 302 3536 diatim,
324 3471 366 3517 ea
385 3453 464 3536 ipsa
476 3450 620 3530 elevare,
635 3473 714 3538 qnae
734 3473 837 3535 nune,
851 3452 1012 3520 retinendi
1029 3454 1094 3519 mei
1108 3473 1224 3534 causa,
1236 3463 1277 3520 ut
1326 3458 1329 3473 '

174 3554 336 3620 terribilia
351 3552 467 3620 eadem
483 3552 669 3633 videantur,
683 3555 795 3621 verbis
811 3555 1027 3621 extolluntur.
1067 3553 1185 3638 'Negat
1203 3555 1276 3621 adi·

176 3665 248 3724 tum
260 3677 336 3723 ease
346 3659 382 3723 in
392 3654 556 3735 Africam,
571 3665 672 3741 negat
686 3656 773 3722 nllus
787 3664 904 3742 patere
918 3663 1048 3740 portus.
1069 3656 1121 3721 Μ.
1133 3655 1276 3725 Atilium

176 3939 191 3986 4
203 3935 258 3986 Pro
269 3935 379 3999 vulgari,
390 3936 684 4003 tantumtempora
695 3935 778 3988 Grau.
789 3937 898 4003 Doujat.
910 3939 1039 3990 Grau-o
1047 3938 1166 4002 Quum,
1174 3935 1277 4000 abjecto

670 4069 784 4121 NOTAE

210 4171 222 4206 a
240 4164 296 4212 Neu
313 4161 374 4214 ruiti
389 4163 416 4213 ta
431 4164 561 4216 minuitur
580 4165 708 4232 [utimr]
749 4174 852 4219 vetarer
865 4163 927 4219 iibri
936 4166 1034 4218 habeat
1044 4161 1277 4220 ammae

176 4237 246 4301 antu]
264 4237 309 4288 Sie
319 4240 396 4304 vulgo
406 4238 480 4300 editi,
488 4241 637 4292 inmineret.-
649 4258 708 4308 qua
749 4249 798 4301 ert,
815 4250 939 4310 quantum
956 4243 989 4294 ad
1001 4243 1131 4302 minorea;
1146 4255 1197 4292 non
1207 4241 1280 4292 ablu·

178 4321 286 4378 receptu
298 4315 379 4379 magia
396 4316 517 4379 loquundi
536 4316 627 4370 forma.
660 4317 710 4369 Eat
749 4320 977 4373 deurerententia.
1002 4317 1279 4370 VidaGronorinmin

176 4390 353 4450 enimaearur,
361 4391 556 4457 ergaminoran
567 4393 613 4444 red
623 4401 710 4446 tamea
748 4397 857 4450 seneen
869 4411 909 4448 rr.
921 4395 1015 4448 Natur.
1025 4395 1126 4448 Quart
