3259 5225
126 577 185 588 ,--
211 575 258 584 ...-

458 541 463 553 ¹
500 597 574 648 eru.
597 595 712 648 xxvi.
734 599 818 648 err.
839 583 872 648 d.
1139 559 1229 648 2171

125 746 331 828 gerantque
352 741 474 808 Patres
495 761 516 807 e
540 761 576 807 re
600 743 740 826 publiea
763 763 854 822 esse,
878 742 1020 809 abscedi
1043 759 1064 807 a
1089 739 1226 825 Capua3

125 851 332 931 pastqunrn³
353 843 428 910 dies
442 845 653 912 comitiorum
668 846 796 924 ederat,
812 845 874 913 Gn.
898 847 1037 912 Fulvius
1052 844 1226 910 exulatum

126 947 333 1031 Tarquinios
346 947 443 1014 ebiit.
488 948 530 1014 Id
542 948 575 1014 ei
583 949 714 1035 justum
726 949 866 1017 erilium
881 967 969 1027 esse,
980 947 1081 1014 seivit
1095 946 1203 1033 plebs.

170 1051 206 1115 Δ.
228 1049 594 1118 Interhoeorisomuis
607 1053 686 1118 belli
700 1054 847 1118 russin
861 1052 1016 1136 Capuam
1029 1055 1112 1116 erat.
1156 1047 1228 1114 Ob·

128 1153 303 1219 uidebatur
316 1159 430 1220 temen
443 1156 568 1232 aerius,
591 1175 694 1238 quam
707 1156 986 1239 oppugnabatur:
1009 1171 1072 1218 nec
1095 1155 1153 1218 aut
1177 1152 1228 1218 se·

127 1275 220 1320 mem
234 1255 376 1320 tolerare
388 1255 524 1321 servitia
537 1275 579 1322 ae
593 1257 692 1341 plebs
703 1263 869 1342 poterunt,
881 1263 940 1322 aut
951 1256 1079 1322 mittere
1093 1253 1228 1319 nuutios

129 1356 175 1422 ud
201 1356 430 1422 Hannibalem
452 1377 515 1442 per
536 1360 709 1425 ennodius
730 1365 800 1426 tam
827 1365 948 1426 aretas.
994 1357 1155 1424 Inventus
1176 1359 1229 1421 est

130 1459 309 1536 Numida,⁴
330 1461 401 1543 qui,
416 1461 566 1545 aooeptis
591 1461 711 1540 literis,
733 1461 912 1528 evasurum
935 1479 972 1525 so
994 1459 1176 1544 professus,
1192 1461 1229 1522 ut

128 1561 335 1644 montianum
362 1568 551 1646 praestaret,
581 1582 642 1648 per
667 1565 779 1630 media
806 1561 965 1628 Romana
994 1567 1103 1628 castra
1129 1565 1227 1625 nocte

128 1682 297 1746 meus,
311 1681 405 1748 spem
419 1663 573 1730 accendit
587 1662 782 1751 Campanis,
799 1665 879 1730 dum
896 1665 1025 1749 aliquid
1036 1663 1156 1730 virium
1171 1681 1229 1728 su·

128 1773 292 1850 parasset,
308 1765 353 1830 ab
369 1766 458 1832 omni
479 1772 576 1850 parte
595 1767 800 1850 eruptionem
815 1767 977 1832 tentandi.
1021 1761 1178 1832 Ceterum
1192 1766 1229 1830 iu

128 1868 244 1933 multis
255 1868 494 1933 certaminibus
509 1869 681 1952 equestria
695 1870 816 1953 proelia
828 1869 932 1935 ferme
948 1887 1109 1954 prospera
1124 1869 1228 1934 iacie-

129 1971 236 2035 bant:
257 1969 412 2053 peditee⁵
428 1971 694 2054 separabamus·¹
727 1971 794 2036 Sed
808 1991 1018 2056 nequequam
1034 1977 1100 2035 tam
1113 1971 1230 2036 laetum

128 2073 387 2155 sincerequem
399 2074 493 2138 triste
506 2075 596 2138 vinci
607 2075 676 2140 ulia
686 2081 782 2159 parte
790 2084 861 2140 erat
874 2075 918 2140 ab
929 2076 1069 2140 obsesso
1080 2081 1113 2140 et
1123 2093 1231 2160 prope

129 2183 325 2260 expugnato
338 2175 445 2241 boste-
488 2175 579 2241 Iuite
592 2175 723 2242 tandem
733 2176 824 2241 ratio
839 2181 918 2256 est,⁰
931 2189 981 2256 ut,
997 2175 1091 2262 quod
1102 2176 1231 2241 viribus

130 2277 261 2357 deerat,
276 2284 349 2342 arte
364 2285 564 2362 aequaretur.
595 2277 651 2342 Ex
666 2279 823 2343 omnibus
834 2279 1022 2362 legionibus
1038 2279 1136 2345 electi
1152 2281 1232 2345 sunt

125 2381 283 2465 juvenes,
304 2381 448 2446 maxime
462 2382 575 2464 vigore
589 2400 630 2446 ao
644 2381 780 2447 levitate
800 2401 981 2466 corporum
1004 2381 1159 2446 veloces:
1182 2382 1232 2446 eis

131 2501 259 2566 parmae
275 2483 458 2561 breviores,
476 2501 577 2568 quarn
598 2489 785 2568 equestres,
804 2491 838 2549 et
861 2493 1003 2569 septena
1020 2484 1137 2569 jacula
1152 2503 1233 2568 qua·

133 2589 245 2651 ternos
259 2584 361 2669 ionga
372 2584 479 2671 pedes
493 2584 585 2667 date,
600 2585 745 2670 praefixa
760 2589 858 2661 ferro,
880 2588 977 2672 quale
991 2585 1098 2653 hastis
1114 2584 1232 2650 velite-

134 2688 255 2751 ribusp
273 2687 374 2753 inest.
432 2686 504 2753 Eos
533 2688 682 2772 singulos
717 2690 753 2753 in
776 2708 885 2774 equos
916 2708 997 2757 snos
1025 2688 1232 2772 accipientes

133 2789 271 2875 equites
293 2789 555 2869 assuefacerent,
579 2799 614 2862 et
627 2791 704 2856 vebi
718 2797 800 2875 post
812 2811 899 2869 sese,
923 2797 957 2856 et
972 2790 1105 2856 desilire
1124 2790 1232 2873 perni-

134 2891 229 2968 oiter,
260 2892 320 2955 ubi
346 2893 475 2975 siguum
499 2891 612 2957 datum
639 2901 740 2958 esset.
796 2892 986 2977 Postquam
1016 2890 1232 2957 assuetudine

135 2992 335 3077 quotidiana
358 2995 444 3060 satis
463 2992 626 3079 intrepide
641 2994 751 3060 visum
765 3001 816 3060 est
832 2994 916 3072 fieri,
936 2994 971 3059 in
991 3012 1160 3077 eampum,
1175 2992 1234 3075 qui

132 3094 268 3189 medius
292 3095 376 3161 inter
401 3104 516 3161 eastra
536 3114 735 3180 murumque
757 3105 841 3176 erat,
865 3096 1027 3161 adversus
1054 3096 1233 3159 instructos

128 3196 386 3281 Campanorum
399 3200 531 3281 equites
545 3204 800 3282 processerunt3
823 3204 867 3278 et,
883 3199 940 3263 ubi
955 3196 1022 3263 ad⁶
1044 3199 1235 3282 conjectum

134 3303 195 3368 teli
209 3307 340 3368 ventum
355 3310 418 3383 est,
432 3304 526 3385 siguo
540 3302 620 3367 dato
635 3302 758 3367 velites
773 3302 943 3369 desiliunt.
975 3302 1144 3369 Pedestria
1156 3300 1233 3368 inde

168 3452 895 3519 *rumamaasucmpoereaeeamaemaa

132 3665 232 3717 omisso
241 3665 327 3716 ira-t
343 3666 398 3716 Pro
406 3672 529 3731 postqum
539 3666 564 3716 tn
576 3666 658 3717 Editt.
670 3666 823 3731 quibusdam
831 3666 976 3731 priusquam.

168 3736 186 3783 4
202 3730 247 3781 ΑΙ.
255 3732 373 3780 lueretur
381 3738 417 3780 ert
427 3733 521 3782 undem
531 3732 627 3796 quidm
637 3734 753 3783 Numida.
791 3734 858 3781 Prii.
868 3740 896 3782 et
908 3733 979 3781 Voss.
989 3732 1099 3781 inuentus
1108 3734 1144 3778 ert
1154 3732 1234 3777 autem

134 3797 245 3849 Neutra
254 3798 367 3859 quidm
378 3797 455 3847 etiem
467 3798 529 3847 Ver.
540 3798 586 3847 lib.
596 3797 666 3860 rpnd
678 3798 765 3863 Sigon.
777 3798 885 3847 Numida
895 3798 1045 3861 quidum-b
1062 3798 1071 3823 ⁴
1082 3796 1135 3844 Pro
1144 3793 1237 3856 peditur

134 3867 237 3926 praeter
247 3860 431 3913 necessitatem
440 3860 468 3913 J.
479 3863 508 3914 F.
519 3862 600 3915 Gran.
613 3868 701 3913 tentet
716 3862 815 3926 pedite!
839 3864 1015 3927 Domina-tt
1032 3860 1143 3913 Quidem
1158 3856 1236 3909 codd.

633 3977 742 4029 2101·AE

168 4079 182 4105 ⁰
197 4070 441 4123 lnitrtrrdenrrtio
447 4072 496 4137 ert]
513 4071 667 4124 nunaunt·
708 4080 767 4125 tur:
778 4072 837 4123 siin
848 4072 977 4137 graviores
984 4070 1170 4135 longioraque,
1178 4082 1235 4135 qaae

134 4148 364 4214 inveniarisque
385 4150 499 4216 equestri
517 4150 607 4215 prelio
624 4164 667 4200 su·
706 4164 784 4200 manu
794 4148 862 4199 band
874 4147 1055 4209 mittebantur,
1064 4144 1109 4196 red
1121 4144 1236 4197 cominus

134 4225 255 4291 periotes
263 4224 367 4276 fierent.
708 4225 876 4277 vibrabantur
884 4224 916 4274 sd
927 4224 1005 4273 ictum
1017 4222 1112 4289 sepius
1123 4222 1237 4274 inseren-

169 4311 184 4347 Ρ
199 4303 290 4355 Hortis
298 4304 448 4370 utitrridus]
462 4306 525 4356 'l'ris
536 4303 668 4371 fermege·
707 4302 779 4367 duur,
795 4302 880 4369 quriis
897 4315 966 4351 nune
984 4298 1055 4365 apud
1071 4313 1116 4350 uos
1131 4299 1158 4351 in
1169 4315 1236 4351 usur

135 4381 356 4432 merebutrrnurs
369 4380 667 4444 aliaveiitrremeuja·
708 4380 813 4429 tertium
839 4392 919 4443 genus
938 4384 997 4428 errt
1019 4377 1156 4445 majoram,
1176 4392 1236 4445 qno

136 4457 669 4525 euhtonqquoemruuerriunrjaciebm·
707 4456 830 4509 mecbiuir
842 4454 1036 4507 emittebantur.
