3259 5225
497 506 571 557 cnr.
595 504 742 555 xxvrn.
762 506 847 557 one.
867 489 921 557 26.
1121 532 1128 544 -
1178 496 1268 564 2445

162 650 284 730 sentia,
298 654 335 717 ut
349 650 520 737 coepisset,
541 650 662 717 leniter
675 649 729 733 agi
748 649 889 735 placuit,
903 656 949 730 et,
970 652 1088 720 minsis
1101 652 1192 721 circa
1204 660 1265 723 sti·

161 754 357 838 pendiarias
371 754 526 823 civitates
538 754 786 832 exactoribus:
797 761 821 801 ¹³
843 755 1005 839 stipendii
1020 776 1114 840 spem
1128 760 1265 845 propin·

160 874 265 938 quam
277 856 398 923 iacere·
442 856 600 923 Edictum
623 856 766 923 subinde
790 858 1014 942 propositum,
1028 865 1066 924 ut
1080 860 1124 927 ad
1140 860 1265 945 stipen-

159 956 253 1023 dium
287 959 468 1043 peteudum
499 959 721 1025 convenirent
754 956 1002 1043 Carthaginem,
1028 980 1090 1027 eeu
1121 963 1265 1048 carptim

159 1068 286 1142 partes,
311 1080 374 1127 seu
400 1062 547 1128 universi
576 1061 746 1129 mallent!
786 1062 1018 1146 Tranquillum
1048 1058 1264 1145 seditionem,

153 1160 228 1245 jam
248 1183 310 1247 per
334 1184 372 1229 se
399 1164 683 1247 languescentem,
705 1165 880 1247 repentina
904 1164 1002 1248 quies
1030 1165 1265 1233 rebellantium

157 1264 390 1351 Hispanorum
416 1266 511 1333 fecit.
555 1248 743 1333 Redierbnt
761 1266 852 1332 enim
874 1268 910 1333 in
931 1265 1042 1346 lines:
1068 1269 1196 1335 omisso
1211 1272 1264 1337 in·

156 1374 268 1451 cepto,
286 1370 491 1437 Mandonius
508 1375 544 1435 et
558 1370 728 1449 Indibilis,
743 1376 926 1454 postquam
941 1370 1051 1435 vivere
1065 1370 1263 1456 Scipionem

156 1470 294 1537 allatum
309 1479 373 1538 est.
419 1472 495 1539 Nec
513 1472 586 1558 jam
606 1469 698 1539 erat‘
715 1480 776 1539 ant
798 1473 895 1551 civis,
917 1478 977 1538 aut
996 1478 1164 1551 externus,
1184 1494 1263 1541 cum

156 1590 226 1657 qno
241 1574 382 1640 furorem
399 1596 499 1641 suurn
515 1578 760 1641 consociarent.
797 1574 921 1639 Omnis
935 1575 1262 1659 circumspectantes

156 1677 298 1743 consiliu
312 1678 394 1743 nihil
409 1680 528 1763 reliqui
544 1679 728 1758 habebant,
742 1684 863 1761 praeter
877 1698 944 1745 non
959 1678 1161 1744 tutissimum
1173 1686 1224 1729 ¹4⁸
1239 1700 1261 1746 a

155 1778 255 1845 malis
270 1781 422 1847 consiliis
437 1788 621 1866 receptum,
638 1789 674 1846 ut
689 1781 902 1867 imperatoris
917 1780 974 1846 rel
991 1784 1095 1867 justae
1111 1782 1184 1859 irre,
1205 1784 1263 1850 vel

153 1900 220 1945 non
235 1882 455 1967 desperandae
470 1883 657 1950 clementiae
675 1904 751 1949 sese
770 1886 1023 1949 committerent.
1060 1882 1171 1949 Etiam
1184 1885 1262 1951 hos·

154 1984 247 2049 tibus
259 2006 334 2051 eum
350 1986 531 2071 ignovisse,
546 2006 621 2053 cum
633 1988 757 2073 quibus
769 1986 1070 2052 ferrodirnicasset.
1091 1988 1194 2052 Suam
1206 2008 1261 2053 se·

153 2086 314 2153 ditionem
329 2090 402 2154 sine
418 2090 569 2167 vulnere,
579 2091 653 2155 sine
668 2090 828 2173 sunguine
843 2089 961 2168 fuisse,
974 2109 1035 2154 nec
1050 2088 1160 2173 ipsam
1170 2097 1260 2155 atro·

152 2208 239 2267 cem,
258 2210 321 2256 uec
337 2191 442 2258 atroci
457 2212 561 2275 poena
575 2192 731 2273 dignam3
754 2198 792 2257 nt
809 2192 944 2273 ingenia
960 2191 1108 2257 humana
1122 2199 1198 2256 sunt
1213 2194 1259 2258 ad

152 2310 251 2357 suam
265 2292 388 2377 cuique
401 2293 577 2359 levandam
592 2294 729 2378 culpam
752 2294 856 2358 nimio
871 2295 950 2378 plus
965 2294 1147 2359 facundas
1193 2296 1259 2361 llla

151 2394 323 2461 dubitatio
337 2402 422 2473 erat,
438 2397 624 2480 singulaene
646 2396 815 2474 cobortes,
836 2417 879 2462 au
894 2396 1055 2476 universi,
1069 2396 1112 2461 ad
1128 2400 1258 2483 stipen-

151 2496 243 2563 dium
259 2498 441 2582 petendum
455 2498 551 2565 irent.
596 2499 780 2567 inclinavit
795 2494 1024 2577 sententia,¹⁶¹¹
1038 2500 1129 2584 quod
1151 2504 1257 2567 tutius

150 2604 342 2683 censebant,
357 2606 533 2670 universes
548 2602 606 2671 ire.

192 2705 248 2772 26.
270 2704 338 2772 Per
351 2705 488 2772 eosdem
503 2706 588 2785 dies,
603 2705 729 2801 quibus
742 2705 820 2770 haec
834 2704 886 2770 illi
907 2704 1158 2785 consultabant,
1174 2726 1255 2771 con·

181 2911 193 2936 ⁰
209 2904 261 2954 Per
269 2905 366 2968 populor
377 2903 494 2956 umente
505 2901 629 2963 abjectos
639 2907 709 2966 utque
719 2899 832 2949 obnoxior
840 2898 966 2962 stipendio.

178 2975 194 3012 θ
211 2969 270 3020 stre
280 2970 394 3035 hgiona,
404 2968 520 3034 cobortes,
530 2971 571 3034 ds·
581 2969 688 3030 sewun,
696 2965 745 3016 rice
753 2969 818 3015 totus
824 2964 896 3014 simul
906 2963 1035 3027 emacitas,
1043 2965 1084 3026 irc.

147 3179 339 3244 &meacm
349 3176 795 3244 Gron.Doujat.Crev.-18Mirri.
804 3209 826 3226 ..
835 3174 1044 3225 monumen.
1054 3173 1163 3238 Doujst.
1174 3172 1254 3223 crcr.

147 3245 221 3294 Eud.
240 3247 319 3296 etiam
334 3245 489 3306 [κατα-14
506 3243 573 3294 Edd.
597 3253 658 3292 ante
677 3242 759 3292 Gron·
775 3247 864 3302 prater
883 3241 1084 3301 muitum.
1117 3239 1153 3288 Et
1172 3246 1252 3288 antea

146 3310 285 3375 legebatur
306 3317 396 3373 prater
419 3325 491 3360 muru
506 3309 725 3360 tutissime-lt
742 3307 854 3356 ‘Potior
866 3306 983 3365 [mador
1000 3304 1125 3355 Facundia
1150 3304 1175 3353 in
1198 3318 1252 3352 rer·

147 3389 224 3425 mone
235 3377 430 3440 προφορικᾷειτ,
442 3375 476 3424 de
499 3389 551 3439 qrro
573 3374 616 3423 bic
639 3387 691 3422 nou
711 3371 814 3434 egitur?
826 3371 920 3421 Duker.
947 3369 1120 3420 ‘Feruudeud
1131 3369 1253 3418 trundum

146 3442 240 3504 calpen
251 3441 303 3490 dici
313 3455 363 3490 nou
378 3455 456 3504 perne
465 3440 575 3501 putebat
586 3440 648 3489 Ern.
671 3437 724 3487 Pro
735 3437 818 3500 cuque
828 3435 899 3486 forte
910 3436 962 3500 leg.
973 3450 1070 3500 quque
1082 3449 1120 3485 rc.
1132 3432 1255 3498 ingenia?

147 3505 318 3571 Rupere-ld
334 3506 463 3556 lucliurrit
474 3520 501 3556 eo
510 3505 629 3555 munta
639 3503 698 3552 olim
709 3504 856 3567 legebatur.

644 3631 755 3683 NOTAE

179 3743 192 3770 ⁸
209 3731 324 3800 defines]
335 3733 368 3785 ln
381 3733 492 3798 petriam
504 3729 677 3795 auum,1.ace·
719 3727 805 3782 batur,
820 3730 911 3789 prater
922 3739 996 3774 um
1011 3723 1165 3788 numu,
1177 3722 1249 3787 quod

146 3811 256 3875 reniam,
271 3815 322 3862 duc.
718 3819 807 3854 rerum
819 3809 935 3863 uenert3
951 3808 996 3850 sut
1004 3807 1094 3865 prm
1103 3801 1248 3862 migrant·

182 3887 193 3924 ¹
205 3890 315 3951 Necjura
328 3888 394 3952 eret]
410 3887 477 3939 linc
497 3891 525 3938 ct
542 3885 678 3952 sequentia
719 3896 791 3938 men.
801 3878 880 3945 quod,
892 3885 922 3928 ut
934 3879 999 3926 citio
1010 3883 1112 3941 curent,
1122 3884 1195 3927 certa
1206 3877 1247 3928 ui·

145 3983 199 4020 uon
211 3968 244 4018 ud
256 3965 425 4017 Mandonium
436 3973 464 4016 et
475 3965 625 4028 Indibilem,
644 3962 677 4013 de
717 3958 754 4007 hil
767 3957 848 4008 babet
858 3955 1007 4019 cingentia.

148 4044 243 4114 qulbus
253 4044 370 4109 proxime
381 4058 475 4101 aetrno,
486 4042 531 4093 red
542 4042 573 4092 ad
583 4039 676 4090 sediti·
748 4031 762 4068 ὓ
779 4031 910 4082 inclinauit
926 4028 1044 4079 mentio
1061 4027 1127 4092 [luc.
1137 4043 1165 4078 cr
1174 4029 1249 4093 rent]

144 4137 203 4174 osor
215 4122 312 4171 militer
324 4121 455 4172 Romanos
464 4117 610 4169 referenda.
715 4108 800 4160 Abest
815 4105 991 4158 aurelloribur
1013 4103 1144 4153 codicibus
1155 4105 1248 4153 adrer-

175 4199 294 4248 tl'rater
303 4213 350 4248 uon
359 4193 517 4257 menum]
527 4194 572 4244 Itu
582 4189 674 4258 optimi
714 4186 786 4236 bium
804 4199 846 4234 re.-
861 4183 939 4248 idrme
951 4181 1034 4232 Grou.
1048 4180 1151 4243 probat,
1172 4179 1248 4244 quui

147 4277 243 4343 quique
252 4275 368 4332 codices,
377 4283 457 4339 alque
473 4273 498 4322 in
515 4271 553 4321 bis
565 4269 674 4334 Regius,
715 4260 880 4326 etegrnrturr
903 4257 965 4307 milti
981 4258 1111 4343 particula
1126 4256 1171 4304 ills
1187 4269 1247 4319 per·

144 4354 346 4417 optimorrnrn:
366 4363 452 4416 neque
466 4349 534 4400 enirn
546 4345 673 4397 rolarcrl·
714 4340 833 4405 spicuam
853 4335 936 4402 magia
954 4341 1114 4385 senteutiam
1132 4331 1245 4384 reddere

143 4443 204 4484 rnen
216 4429 370 4494 punitentia
381 4427 486 4480 aboleri.
508 4423 672 4489 Vulgolege·
712 4416 828 4495 uidetur.¹
