3259 5225
483 591 560 641 ιιι.
582 591 697 642 xxvr.
718 591 802 642 cnr.
824 576 881 643 10.
1141 565 1240 644 218ίίΙ

171 733 230 800 lu.
253 733 296 800 ln
307 733 373 800 boc
383 734 528 802 tumultu
543 734 686 802 Fulvius
699 735 857 816 Flaccus,
867 742 965 822 porta
976 734 1134 823 Capena*
1149 757 1228 806 enm

128 839 286 906 exercitu
309 837 454 904 Romam
475 840 653 922 ingressus,
675 840 787 906 media
809 843 892 907 urbe
911 859 972 926 por
987 837 1150 906 (larinasl
1166 841 1228 906 Es·

128 939 277 1028 quilias¹
289 941 471 1008 contendit.
515 940 601 1007 Inde
615 960 781 1024 egressus,
800 943 886 1008 iuter
902 942 1109 1028 Esquilinam
1124 941 1229 1008 Colli-

127 1065 279 1131 namque
299 1052 460 1130 portam¹¹²
481 1046 595 1130 posuit
614 1049 737 1110 castra
780 1045 913 1112 AEdiles
932 1045 1048 1130 plebis
1060 1063 1229 1112 commea·

128 1154 203 1214 tum
218 1168 262 1214 eo
274 1153 532 1233 comportarunt
576 1145 744 1213 Consules
764 1153 968 1232 senatusque
990 1147 1026 1214 in
1045 1155 1158 1212 castra
1172 1167 1228 1212 ve-

127 1257 265 1316 nerunt.
301 1251 412 1317 Ibide
426 1249 788 1335 summnrepnblica¹⁵
801 1252 1053 1318 consultatum.'²
1080 1248 1228 1329 Placuit,

128 1353 291 1421 consules
301 1353 330 1394 ¹⁶
349 1355 444 1422 circa
464 1362 579 1438 portas
607 1353 776 1420 Collinam
800 1353 1080 1438 Esquilinamque
1103 1371 1230 1436 ponere

130 1463 267 1524 castras
287 1457 327 1525 (i.
342 1456 555 1542 Calpurnium
578 1464 757 1543 pratorem
778 1458 938 1522 urbanum
962 1454 1157 1540 Capitolio⁰
1179 1459 1229 1518 ab

129 1579 199 1644 que
214 1561 284 1627 urci
299 1581 445 1646 praeesse
457 1581 466 1627 ε
480 1569 516 1627 et
530 1570 683 1629 senatum
698 1561 904 1647 frequentem
914 1561 949 1624 in
959 1557 1032 1624 foro
1048 1557 1231 1635 contineri·

130 1665 162 1728 si
185 1663 268 1747 qnid
289 1664 325 1728 in
348 1669 416 1730 tam
442 1665 564 1732 subitis
588 1668 690 1732 robus
710 1663 866 1730 consulto
886 1681 972 1747 upns
996 1667 1098 1726 esset.
1141 1658 1231 1724 Inter

130 1764 209 1831 boec
225 1765 398 1832 Hannibal
413 1767 457 1834 nd
476 1769 667 1835 Anienem?
688 1767 840 1844 fluvium,
857 1766 923 1831 tria
942 1764 1048 1828 millia
1069 1779 1231 1846 passuum

131 1867 180 1932 ab
201 1865 308 1947 Urbe,
327 1877 440 1936 castra
464 1870 626 1938 admovit.
670 1871 724 1937 Ibi
747 1870 880 1934 stativis
899 1867 1033 1952 positis,
1054 1865 1129 1948 ipse
1153 1881 1231 1928 cum

132 1969 269 2036 dnobus
283 1972 434 2039 millibus
449 1975 600 2058 equitnm
615 1993 638 2040 a
656 1981 756 2058 porta
775 1971 910 2038 Collina
919 1979 945 2022 ¹⁷
961 1968 1125 2052 usquead
1143 1965 1232 2030 Her·

132 2073 222 2138 culis
240 2076 396 2159 templum
420 2083 471 2142 est
486 2095 706 2162 progressum
727 2083 843 2160 atque,
864 2073 953 2138 unde
970 2070 1122 2156 proxime
1136 2072 1232 2152 pote·

131 2180 197 2254 rat,
210 2179 335 2241 moenia
348 2179 517 2266 situmque
533 2179 638 2245 Urbis
651 2181 851 2265 obequitans
866 2174 1165 2258 contemplabatur.
1187 2169 1229 2235 Id

133 2297 215 2344 oum
241 2287 310 2344 tam
333 2281 469 2348 licenter
490 2289 593 2366 atque
618 2283 728 2346 otiose
755 2281 878 2357 iacere,
908 2277 1034 2343 Flacco
1061 2272 1230 2356 indignum

133 2381 244 2445 visum
257 2389 322 2446 est
364 2383 484 2468 ltaque
507 2384 649 2448 immisit
673 2384 814 2468 equites,
835 2377 1104 2460 summoverique
1128 2381 1230 2459 etque

133 2482 171 2546 in
183 2487 296 2548 castra
305 2484 410 2568 redigi
421 2485 569 2551 bostium
584 2487 769 2572 equitatum
780 2485 893 2569 jussit
915 2481 1001 2548 Cum
1015 2479 1231 2544 commissum

132 2585 290 2669 praelium
305 2593 407 2667 esset,
420 2589 575 2654 consules
586 2588 774 2673 transfugas
789 2585 1022 2662 Numidarum,
1038 2581 1182 2667 quitum
1198 2580 1231 2646 iu

132 2684 331 2755 Aventinoq
345 2689 387 2755 ad
406 2690 497 2756 mille
512 2702 549 2755 et
563 2690 729 2757 ducentos
741 2690 768 2731 ¹⁸
784 2695 889 2769 erant,
904 2686 1016 2753 media
1027 2685 1109 2749 urbe
1126 2690 1233 2749 trans·

165 2822 176 2854 ⁸
193 2820 313 2872 cam
323 2821 404 2873 num
413 2821 501 2884 erm
513 2823 629 2877 mmo.

596 2951 776 2973 olm

168 3034 200 3080 lt
212 3030 256 3081 ΑΙ.
267 3032 552 3097 demmeiprrllicae:
568 3042 706 3150 sinumque
718 3036 781 3087 satir
791 3038 969 3103 reele,judice
977 3040 1125 3094 Dosa-lo
1138 3044 1235 3094 Placuit

133 3097 269 3149 mulidus
278 3098 306 3147 in
316 3098 469 3164 quibusdam
480 3100 629 3152 ildito-ll
640 3100 665 3151 A
675 3136 683 3153 .
694 3104 727 3152 ud
735 3108 829 3167 pertun
841 3104 1032 3157 cerum-18
1043 3108 1150 3159 Dmerrti
1160 3109 1234 3161 dedit

631 3216 739 3269 NOTAE

133 3314 159 3359 t.
170 3309 280 3361 circiter
289 3310 323 3361 ab
331 3310 394 3362 urbe
401 3311 510 3363 milliare
519 3328 528 3376 ς
538 3312 582 3364 nbi
592 3313 666 3365 Terre
738 3314 746 3350 ¹
762 3315 894 3380 Mallius]
919 3316 996 3369 Mons
1007 3318 1154 3385 Esquilinus
1165 3318 1234 3372 idern

134 3401 224 3436 m
705 3405 764 3442 oum
776 3393 914 3457 Esquiliiu3
931 3409 999 3445 nunc
1008 3396 1093 3447 Monte
1103 3398 1129 3448 di
1139 3396 1166 3448 S.
1178 3399 1235 3449 Μι-

168 3463 273 3515 *Perre
284 3466 391 3532 θυμω]
409 3464 478 3517 Hod.
496 3466 666 3521 Portos-Se·
705 3468 744 3519 riu
764 3469 903 3531 Muggiore.
941 3470 1033 3524 Abeo
1053 3482 1140 3527 monte
1160 3482 1236 3539 porta

132 3540 249 3591 mant
707 3546 853 3611 Esquilina,
863 3562 921 3612 quse
930 3550 983 3598 vni.
995 3550 1071 3601 Portu
1084 3552 1220 3613 Muggiore.

167 3616 246 3668 *Per
257 3618 370 3685 crium]
385 3619 667 3675 Collisinitllomne
738 3629 757 3655 ¹
769 3624 932 3689 Collinamque
939 3626 1044 3691 putum]
1060 3627 1148 3679 Hodie
1161 3630 1237 3679 Portu

134 3692 236 3759 pluteo,
252 3710 300 3745 ren
316 3696 389 3747 vienn
407 3706 484 3748 sulen
502 3698 669 3765 Ceroliensis,
706 3700 802 3751 delere

134 3786 215 3835 quoru
227 3787 243 3822 a
248 3772 343 3837 junctu
353 3775 514 3836 Curiuurum,
524 3780 606 3829 Vnrro
619 3780 667 3828 Cu·
739 3785 752 3811 ²
768 3778 809 3827 lii
819 3778 849 3828 de
858 3792 949 3828 ιιιιιιιιιι
966 3792 993 3829 rr
1007 3778 1100 3842 pollice
1117 3780 1237 3830 emundo-

133 3848 374 3913 n'muppetlntun
385 3852 487 3917 scribit,
501 3856 583 3921 (qnod
598 3854 667 3906 scili·
708 3854 773 3919 tnn]
798 3854 842 3904 lta
856 3856 981 3917 meliores,
993 3855 1070 3921 idque
1085 3865 1157 3907 recte
1174 3857 1237 3915 dici,

134 3934 182 3977 eet
192 3926 253 3990 ejus
271 3927 383 3979 edificia
398 3931 543 3981 nariumm
558 3930 667 3983 toruum
708 3945 783 3995 nque
793 3932 865 3981 aude
877 3946 968 3982 muno
977 3932 1038 3997 reip.
1048 3932 1165 3997 pluribus
1176 3948 1238 3984 eon·

133 4000 325 4067 imitarentur)
333 4019 385 4069 qun
395 4005 423 4055 in
433 4007 542 4059 cnlinm
552 4017 669 4060 montem
707 4005 795 4057 tirmnt
805 4006 921 4059 Gronov.
933 4008 1016 4058 minus
1028 4008 1086 4059 utili
1097 4023 1185 4073 opere.

135 4078 200 4137 itur,
218 4094 235 4129 ι
252 4078 381 4131 Palatino.
413 4082 484 4133 Hine
495 4085 669 4150 oritnrenput
739 4092 753 4119 ⁰
770 4085 900 4150 Capitolio]
917 4086 1173 4151 Nunccwil'dwlst·

135 4154 296 4207 §mrim
329 4158 451 4209 Fuerein
462 4173 493 4209 ea
505 4162 608 4226 reglum
623 4162 668 4212 ubl
740 4162 811 4215 Md
825 4162 952 4229 Anienem]
968 4163 1059 4214 Amnis
1071 4164 1144 4228 Ario,
1160 4162 1238 4214 bodie

136 4246 210 4284 nune
225 4233 254 4284 S.
271 4236 356 4285 Pietro
371 4237 400 4287 ιἰι
412 4237 512 4300 Μ,
528 4245 556 4288 et
572 4240 594 4289 le
609 4244 670 4291 nette
711 4241 838 4293 navem.

137 4310 205 4361 Sole.
248 4311 303 4362 Sub
322 4326 396 4363 muro
414 4320 499 4364 terreo
517 4314 669 4366 Carinarum
741 4318 802 4367 arn
819 4316 951 4381 Ammine]
983 4318 1006 4369 E
1027 4324 1126 4382 reptem
1147 4320 1237 4371 uon·

137 4396 197 4435 erat
209 4386 336 4455 suburra,
345 4390 415 4441 cirta
425 4390 510 4443 lecum
518 4392 561 4443 ubi
570 4392 630 4445 bod.
640 4394 669 4445 d.
708 4394 923 4453 montrirnsnnm,
935 4408 1002 4445 nunc
1019 4394 1103 4445 Monte
1117 4396 1144 4446 di
1161 4394 1239 4447 Sem

136 4462 259 4515 dimin.
709 4468 806 4521 doliu.
