3259 5225
486 456 558 506 uin.
585 456 719 508 xxvii.
740 457 824 506 car.
845 442 878 507 7.
1143 441 1233 508 2293

119 602 241 668 bobus
263 601 438 686 provincia
459 601 614 682 decreta3
637 601 830 686 regionibus
849 607 961 668 tamen
987 602 1145 686 partitum
1171 605 1235 668 im·

120 705 279 790 perium:
303 703 432 772 Fabius
446 704 489 770 ad
504 704 696 782 Tarentum,
712 703 856 770 Fulvius
868 706 902 769 in
918 704 1067 769 Lucanis
1078 723 1120 770 ac
1133 705 1236 770 Brut·

122 807 189 872 tiis
210 825 277 871 rem
298 813 436 888 gereret.
480 804 531 870 M.
548 803 691 871 Claudio
710 812 923 890 prorogatum
944 807 979 870 in
994 827 1113 872 annum
1129 809 1235 891 impe·

122 911 228 974 rium.
272 908 442 976 Praetores
465 908 574 974 sortiti
597 909 809 993 provincias:
833 908 875 974 G.
890 909 1065 974 Hostilius
1082 909 1237 976 Tubulus

126 1012 305 1086 urbanam,
320 1010 360 1078 Ιι.
376 1010 538 1076 Veturius
562 1010 685 1076 Pbilu⁴
706 1013 912 1096 peregrinum
933 1031 1010 1076 cum
1025 1011 1172 1088 Gallia,m
1192 1012 1237 1080 Τ.

127 1113 297 1192 Quintius
318 1113 496 1198 Crispinus
520 1114 685 1198 Capuam,
705 1115 746 1181 C.
761 1113 1012 1181 Aurunculeius
1036 1114 1238 1180 Sardiniam.

127 1215 315 1282 Exercitus
330 1218 380 1282 ita
400 1237 460 1301 per
474 1218 669 1302 provincias
685 1218 798 1285 divisi.
842 1217 965 1283 Fulvio
980 1217 1058 1282 duur
1072 1217 1238 1300 legiones,

128 1319 277 1404 quasin
301 1318 422 1384 Sicilie
445 1318 496 1384 Μ.
510 1319 673 1385 Valerius
695 1321 856 1386 Laevinus
875 1320 1034 1386 baberetz
1057 1319 1102 1400 Q.
1119 1319 1240 1392 Fabio,

129 1422 260 1505 quibus
273 1421 306 1486 iu
324 1421 456 1488 Etruria
471 1421 512 1487 G.
526 1422 731 1507 Calpurnius
747 1423 954 1509 praefuisset,
969 1423 1124 1488 decretae.
1168 1421 1241 1487 Ex·

131 1523 261 1588 ercitus
286 1526 434 1590 urbanus
449 1533 488 1592 ut
502 1525 537 1591 in
554 1525 721 1590 Etruriam
735 1525 952 1592 succederet:
975 1525 1017 1591 C.
1031 1523 1238 1609 Calpurnius

133 1625 252 1692 eidem
280 1633 442 1711 praeesset
470 1627 654 1712 provinciae
682 1629 930 1713 exercituique:
961 1628 1115 1712 Capuam
1142 1647 1241 1692 exer·

133 1733 321 1816 citumque,
346 1751 446 1816 quem
474 1730 518 1811 Q.
540 1731 681 1797 Fulvius
704 1732 890 1811 habuisset,
910 1732 951 1797 Τ.
974 1730 1134 1812 Quintius
1156 1732 1243 1795 obti·

135 1840 254 1899 neret⁵
297 1833 336 1899 C.
358 1833 530 1899 Hostilius
553 1835 596 1898 ab
619 1833 659 1899 C.
679 1833 854 1899 Laet0n0⁶
875 1843 1082 1919 propraetore
1105 1836 1241 1916 provin·

135 1939 228 2002 ciam
243 1937 507 2022 exercitumque,
521 1938 578 2020 qui
594 1944 665 2001 tum
682 1935 785 2022 [jam]
802 1936 945 2002 Arimini
966 1943 1049 2012 erat,
1065 1936 1244 2019 acciperet.

136 2038 195 2106 Μ.
217 2037 392 2115 Marcello,
416 2038 539 2122 quibus
562 2038 681 2104 consul
703 2040 785 2103 bene
809 2057 881 2102 rem
907 2045 1067 2121 gesserat,
1091 2037 1243 2120 legiones

136 2143 317 2208 decretur
369 2141 419 2209 Μ.
442 2138 582 2206 Valerio
612 2161 688 2206 cum
719 2140 759 2205 L.
784 2140 904 2206 Cincio
930 2141 1000 2226 (bis
1029 2158 1164 2224 quoque
1192 2147 1246 2205 est

137 2251 252 2314 enim⁷
264 2251 478 2331 prorogatum
491 2247 524 2311 in
536 2246 657 2312 Sicilia
670 2243 862 2331 imperium)
872 2245 1060 2312 Cannensis
1075 2245 1246 2316 exercitus

137 2351 264 2430 detus3
287 2368 430 2434 eumque
454 2348 613 2432 supplere
635 2367 679 2414 ex
704 2349 879 2426 militibus,
900 2349 959 2432 qni
983 2367 1028 2413 ex
1055 2347 1246 2430 legionibus

141 2450 209 2517 Gn.
225 2451 337 2516 Fulvii
353 2457 578 2535 superessent,
588 2450 691 2535 jussi.
735 2450 952 2536 Conquisitos
966 2471 1026 2516 eos
1041 2452 1198 2516 consules
1210 2451 1248 2514 iu

141 2553 296 2620 Siciliam
325 2551 506 2637 mimum,
540 2554 723 2640 additaque
749 2554 867 2621 eadem
897 2554 1029 2620 militiae
1054 2553 1247 2639 ignominia,

141 2658 210 2723 sub
235 2676 306 2744 qna
330 2657 525 2724 Cannenses
551 2658 752 2738 militabant,
779 2658 906 2743 quique
934 2677 979 2722 ex
1006 2657 1160 2743 praetoris
1184 2656 1249 2721 Cn.

142 2848 341 2977 „afficte
350 2856 405 2903 erud
417 2852 457 2903 M.
470 2849 570 2902 cautio
583 2851 699 2902 Murrus
709 2852 793 2917 eopia,
803 2852 888 2917 priten
900 2852 927 2905 in
937 2853 1062 2905 meslete
1071 2864 1127 2901 arar
1135 2849 1251 2915 praeeim

603 3010 787 3033 OOMOOMN!

144 3146 321 3196 disseruit-i
333 3144 376 3197 ΑΙ.
387 3146 428 3197 red
436 3146 536 3197 unitim.
547 3160 569 3195 r.
595 3146 655 3197 Vld.
667 3148 732 3198 Not.
740 3146 852 3197 van-t
865 3145 936 3197 Olim
947 3143 1086 3208 legebatur
1096 3140 1128 3191 Ι..
1139 3138 1253 3190 Veturius

145 3210 223 3261 Pauo
235 3211 356 3265 munuae.
369 3212 398 3261 C.
411 3210 533 3262 Hostilius
545 3212 705 3263 nutus-s
723 3212 803 3275 Olim,
820 3211 949 3274 probriu
962 3208 1121 3271 emensio-e
1138 3220 1206 3269 Μ
1218 3204 1252 3260 Q·

147 3276 251 3326 Fuluius
261 3276 388 3338 memes,
399 3276 503 3339 Capsum
514 3278 690 3341 exercitamque
702 3276 731 3327 Τ.
741 3278 857 3333 Quintiae
866 3274 1038 3327 oensem-o
1049 3276 1057 3301 ‘
1067 3272 1150 3322 Immo
1161 3270 1193 3319 Β·
1206 3269 1254 3319 ΥΘ·

146 3340 267 3391 teriueb
279 3342 309 3390 c.
317 3341 347 3390 t.
359 3342 426 3405 quod
438 3356 471 3391 ex
483 3357 564 3405 supra
574 3343 651 3393 dictis
661 3349 689 3392 et
700 3358 757 3405 cep.
770 3347 810 3393 lb.
825 3358 855 3391 ec
866 3346 906 3391 20.
918 3344 1018 3403 petere,
1030 3338 1085 3401 jam
1097 3338 1253 3386 intonuerunt

147 3406 228 3469 Pigb.
239 3406 266 3455 in
275 3405 368 3456 dunel.
380 3406 412 3456 ed
425 3420 447 3455 a.
458 3410 515 3457 stt.
525 3414 553 3457 et
564 3408 646 3456 Gron.
674 3408 738 3457 Mox
750 3407 923 3470 eracliumque
932 3404 1053 3470 (semet
1062 3400 1128 3465 ml)
1138 3400 1254 3463 ‘mim‘

147 3478 205 3521 ret.
214 3471 273 3521 cod.
282 3470 539 3534 Rben.prob.Gron.
558 3471 643 3524 Abest
651 3480 723 3523 certe
732 3490 746 3522 e
756 3473 845 3523 multis
855 3474 918 3522 bles.
926 3466 1028 3533 rljm'
1041 3470 1151 3533 Rupert.
1168 3464 1199 3514 t„
1208 3462 1254 3544 ise·

647 3620 755 3673 Notat

150 3714 208 3781 tiis]
225 3716 297 3769 Note
318 3716 387 3766 bunc
404 3716 536 3767 solennem
553 3716 602 3767 boc
619 3724 681 3769 tem·
723 3718 745 3769 ri
762 3732 821 3768 curn
832 3732 864 3767 ee
878 3716 910 3767 'tt
926 3714 1052 3765 Veturius
1067 3711 1179 3763 Gelliam
1195 3722 1260 3783 pru·¹

150 3812 218 3863 pure
238 3796 408 3847 ineundorum
428 3795 628 3863 magistratuum
645 3798 684 3849 di·
725 3790 1006 3845 vincirmrortitursir.
1037 3784 1256 3841 Etexboceliis·

152 3888 206 3927 ern.
725 3886 776 3938 qne
796 3868 963 3937 sequentibus
982 3865 1045 3916 locis
1063 3862 1195 3913 emeudari
1209 3860 1255 3910 de·

185 3950 202 3983 ⁸
219 3950 402 4003 ulte-tte
725 3946 780 4013 bel,
798 3953 828 3998 ut
848 3950 940 3996 censet
967 3940 1088 4005 Pighius,
1110 3938 1256 4003 probatque

184 4034 205 4063 ¹
222 4028 442 4091 Peregrinarum
453 4024 686 4091 Guilie1Peregri·
726 4024 843 4075 Grouor.
854 4021 922 4086 qnod
941 4033 1001 4070 mox
1018 4015 1259 4074 dicimationibus

152 4120 189 4156 ne
203 4102 351 4168 jurisdictio
371 4103 420 4155 boo
437 4110 554 4168 tempore
573 4103 685 4153 mnnerlr
725 4106 789 4155 uc.
801 4100 908 4152 Morio
924 4096 1070 4162 prunae
1085 4094 1259 4156 wedunae

152 4181 241 4247 potius
258 4194 363 4243 nornen,
381 4194 458 4245 qnam
485 4194 572 4229 rernm
594 4193 686 4231 munus
726 4179 850 4243 occepisse
866 4168 1259 4237 Igitnribiprcldortilisrrcri·

152 4261 216 4326 retr,
226 4260 314 4327 paucis
333 4274 381 4325 per
392 4262 447 4311 bne
457 4259 528 4311 belle
544 4258 686 4324 peregrinis
728 4256 840 4309 bendum
848 4254 878 4304 L.
886 4248 1035 4303 Veturiuub
1046 4250 1076 4299 C.
1084 4247 1248 4311 buriam.

154 4337 398 4404 Romeegentibm.
416 4338 487 4389 Nihil
498 4338 585 4404 ireque
593 4336 686 4387 mirum
