3259 5225
340 515 434 583 2⁰96.
815 530 851 582 r.
874 528 973 579 nrrrr

342 678 532 752 obtruncat,
553 680 750 761 portamque
764 675 886 759 aperit.
929 671 1106 739 Hannibal
1118 692 1194 739 curn
1212 672 1365 758 pediturn
1378 691 1442 758 ag«

341 780 428 845 mine
442 778 633 863 ingreditur,
649 778 785 863 equites
799 777 984 844 subsistere
1002 778 1119 862 jubet3
1145 784 1193 857 ut,
1209 797 1278 861 quo
1291 796 1343 842 res
1356 796 1437 862 pos-

340 883 433 959 tulet,
447 900 617 947 occurrere
627 882 733 947 libere
748 901 871 966 eampo
884 888 1032 967 possent.
1076 880 1119 948 Et
1134 881 1440 963 Philemenuapor·¹

340 984 424 1049 tulae
438 992 535 1069 parte
548 984 644 1063 alia:
659 1004 727 1071 qua
742 1004 932 1051 commeare
947 974 1114 1064 assuerat,
1128 986 1438 1071 appropinquabat.

341 1086 436 1152 Nota
459 1106 527 1152 vox
551 1085 626 1171 ejus
646 1094 681 1154 et
703 1086 868 1153 familiare
886 1087 961 1172 jam
985 1088 1117 1171 sigum
1140 1107 1217 1153 cum
1244 1090 1437 1154 excitasset

339 1187 487 1269 uigilem,
503 1188 650 1268 dicenti,⁵
671 1188 732 1255 vix
745 1189 910 1255 sustinere
931 1189 1069 1273 grandis
1093 1190 1215 1255 beetiae
1239 1209 1336 1267 onus,
1359 1208 1440 1274 por·

341 1291 410 1355 tula
425 1292 584 1375 aperitur.
619 1290 940 1375 Inierentesaprnm
954 1291 1041 1357 duos
1049 1291 1193 1376 juvenes
1207 1297 1345 1361 secutus
1359 1290 1442 1375 ipse

340 1404 418 1457 oum
432 1393 593 1477 expedito
607 1401 777 1471 uenatore,
793 1395 939 1477 vigilem,
950 1396 1119 1460 incautius
1132 1395 1297 1461 maeonio
1311 1394 1441 1477 magni·

340 1494 468 1561 tudinis
482 1496 518 1559 in
531 1515 601 1575 cos,
613 1496 673 1581 qui
686 1496 847 1575 terebant,
860 1516 1005 1573 versum,
1020 1497 1184 1563 venabulo
1199 1497 1336 1581 trajicit.
1378 1496 1441 1561 In·.

338 1598 444 1679 gressi
461 1594 581 1663 deinde
596 1599 727 1681 triginta
738 1598 807 1663 iere
822 1598 941 1665 armati
955 1607 1088 1665 ceteros
1099 1600 1214 1683 vigiles
1225 1599 1442 1675 obtruncant,

338 1696 592 1783 refringuntque
617 1708 748 1785 portam
776 1700 1015 1786 proximamt⁶
1036 1710 1071 1770 et
1096 1722 1214 1786 agmen
1242 1704 1308 1767 snb
1330 1703 1440 1784 signis

339 1802 655 1887 coelestimirrupit.
700 1802 784 1869 Inde
799 1822 875 1869 earn
890 1803 1027 1870 silentio
1040 1805 1078 1869 in
1090 1805 1198 1870 iorum
1215 1804 1321 1881 ducti,
1337 1804 1440 1869 Han-

338 1904 445 1968 uibali
459 1923 535 1969 sese
551 1904 805 1989 conjunxerunt.
851 1903 937 1970 Cum
950 1904 1080 1971 duobus
1097 1905 1246 1971 millibus
1258 1905 1437 1971 Gallorum

339 2006 480 2085 Poenus,
494 2008 529 2072 iu
546 2014 614 2073 tres
628 2007 748 2072 divisis
762 2015 888 2092 partes,
909 2028 970 2091 per
986 2009 1099 2073 urbem
1124 2008 1261 2074 dimittit
1279 2008 1439 2074 Tarenti-

337 2128 410 2183 nosr,
422 2114 456 2174 et
469 2109 590 2176 itinera
605 2130 704 2195 quam
717 2112 864 2177 maxime
883 2111 1090 2195 frequentia⁷
1103 2131 1272 2194 occupem
1288 2110 1408 2195 jubet3
1422 2107 1437 2146 ¹⁹

337 2211 480 2279 tumultu
494 2220 580 2291 orto,
591 2211 765 2279 Romanos
776 2214 903 2299 passim
918 2214 1018 2294 caedi,
1031 2214 1209 2299 oppidanis
1225 2214 1330 2297 parci.
1353 2212 1438 2292 Sed,

337 2319 374 2379 ut
396 2314 469 2380 fieri
494 2314 529 2380 id
553 2321 678 2400 posset,
701 2316 857 2401 praecipit
876 2316 1059 2400 juvenibus
1081 2314 1284 2392 Tarentinis,
1307 2320 1358 2392 ut,
1377 2315 1438 2378 ubi

337 2436 439 2501 quem
455 2436 588 2483 suorum
601 2419 718 2503 procul
732 2418 909 2500 vidissent,
924 2420 1097 2505 quiescere
1110 2426 1145 2482 et
1160 2416 1270 2507 silere,
1282 2435 1324 2483 ac
1342 2417 1437 2482 bono

337 2519 449 2585 animo
459 2540 534 2585 esse
543 2520 710 2605 juberent.

380 2623 432 2688 10.
454 2623 478 2690 J
480 2644 533 2689 am
549 2623 712 2691 tumultus
728 2630 801 2690 erat
816 2623 1020 2708 clamorque,
1046 2622 1157 2710 qualis
1179 2643 1255 2708 esse
1278 2623 1313 2688 in
1332 2629 1440 2706 capta

335 2727 418 2792 urbe
434 2728 538 2793 solet:
561 2727 633 2806 sed,
649 2727 731 2814 quid
753 2728 802 2793 rei
818 2734 918 2808 esset,
932 2747 1031 2794 neme
1053 2729 1137 2793 satis
1153 2745 1216 2811 pro
1231 2732 1322 2791 certe
1336 2727 1437 2790 scire.

335 2822 509 2896 Tarentini
523 2829 697 2896 Romanos
712 2828 755 2894 ad
771 2829 991 2916 diripiendam
1003 2831 1121 2896 urbem
1134 2827 1270 2904 ,credere
1285 2836 1438 2893 coortos:

795 3029 976 3052 ”nonunt

335 3155 500 3209 arcaea-n
516 3159 656 3210 ‘Dicentie
667 3165 693 3212 2.
704 3161 770 3211 Mer.
784 3161 871 3226 recepi
877 3175 940 3212 cam
950 3161 1049 3211 Stroth.
1084 3159 1116 3210 In
1126 3159 1184 3209 aliis
1195 3165 1237 3208 est
1247 3160 1348 3224 dicente,
1365 3165 1392 3208 et
1404 3158 1436 3210 in

335 3225 441 3290 reliquie
459 3225 527 3275 Edd.
546 3225 666 3276 abestis?
681 3227 841 3290 Rupert—tt
858 3227 961 3278 Portam
973 3227 1101 3276 morast
1122 3225 1189 3274 Edd.
1209 3232 1269 3274 ante
1286 3225 1439 3275 Gronov.—

333 3293 350 3338 7
364 3289 423 3338 Tura
433 3291 479 3339 dae
489 3289 565 3340 mittin
576 3291 698 3340 Gallorum
711 3291 799 3342 Penes
809 3293 836 3342 ia
846 3296 895 3340 tm
903 3293 983 3340 diates
991 3297 1081 3354 perra,
1096 3305 1140 3355 per
1156 3291 1237 3340 urben
1255 3291 1367 3340 dimittit.
1386 3288 1439 3338 lle·

334 3355 439 3404 restim
447 3360 473 3405 et
483 3353 634 3420 Asmqaear
642 3357 891 3422 mcimfreqaeetie
901 3357 969 3406 Edd.
979 3357 1166 3407 anteGrouor.

830 3545 939 3598 NO'l'AE

333 3656 692 3718 irrumpentem
902 3659 997 3724 Polyb.
1020 3663 1096 3710 vocet
1111 3657 1178 3707 bane
1195 3657 1304 3707 atteram
1322 3663 1440 3721 portem,

365 3743 376 3769 ¹
390 3734 497 3785 Adortus
517 3731 562 3797 [ni
575 3735 668 3800 ponar]
682 3736 783 3801 sopitos]
801 3737 861 3788 Nou
902 3751 954 3802 que
964 3737 1055 3801 egredi
1071 3743 1100 3785 et
1117 3733 1221 3798 regredi
1239 3734 1328 3784 solitus
1345 3732 1439 3783 Pbile·

332 3811 410 3862 ridec
428 3825 487 3876 qnae
508 3811 674 3862 bicnorrndi
697 3827 775 3863 aare
794 3814 862 3865 Gro·
901 3813 1124 3875 monumenta
1144 3810 1359 3873 esttenete.

332 3889 418 3939 novio.
449 3887 519 3940 Quid
537 3887 605 3938 enim
629 3887 710 3938 hebet
729 3891 861 3954 corrigen-
931 3888 1440 3952 *Mourmatimmtitimeqeu

331 3963 482 4030 dum,quod
497 3963 594 4014 dicitur
607 3965 686 4028 Nico,
704 3965 802 4030 vigiles,
819 3982 861 4018 eo-
900 3965 1152 4030 minesreqaestie
1167 3979 1280 4028 occepere
1296 3964 1373 4028 iubet]
1388 3965 1441 4017 Sic

329 4040 400 4106 piros
419 4040 453 4090 ad
473 4048 572 4104 portes,
598 4055 631 4092 ex
650 4042 791 4107 improviso
816 4044 862 4094 ob·
901 4042 1050 4094 emendavit
1066 4041 1182 4092 Gronov.
1199 4054 1233 4091 ex
1249 4040 1371 4105 Polybio,
1387 4042 1438 4105 qui

331 4119 485 4180 truncare?
503 4117 544 4168 An
555 4119 646 4169 melier
655 4133 683 4170 se
693 4133 736 4169 res
746 4119 863 4177 babebit,
900 4119 983 4184 ricae,
1003 4119 1047 4185 qui
1058 4118 1092 4169 ed
1103 4116 1309 4176 iornrnt'errent,
1327 4132 1441 4182 expres·

331 4195 354 4245 st
365 4194 769 4259 legerieadortampiteeoigtteet
784 4197 862 4248 immo
901 4199 954 4260 eit;
964 4197 1031 4264 qued
1038 4195 1439 4262 peritineremuimefreqnen-

333 4271 667 4336 redundabitperticipiuru
683 4275 781 4324 adortae
792 4276 863 4325 ineo
902 4273 1342 4324 tiaredderesetiebebuttliriue.
1364 4275 1438 4326 Qun

330 4350 375 4416 qni
386 4349 554 4400 obtruncasse
563 4357 692 4400 narretur.
902 4351 1076 4416 bicflignniue
1094 4352 1191 4415 aliique
1212 4358 1372 4412 eugumter
1391 4365 1435 4401 re·

364 4425 500 4476 ⁸Pertalis
515 4429 584 4490 porte
601 4425 664 4492 utin]
688 4426 865 4494 Rbinopylaut
902 4428 1167 4495 terreeuperracuunr
1177 4427 1306 4478 ducimus.
