3259 5225
817 543 994 611 2838
1748 560 1816 609 τ.
1865 559 2057 610 mvn

818 718 1088 803 fama3¹¹
1125 721 1403 788 alteram
1447 723 1767 806 scriptam
1792 729 1818 769 ⁵
1863 722 2249 789 laudatione
2287 721 2462 800 fflii‚·
2500 721 2619 806 qui
2658 722 2754 788 rei
2789 726 3009 805 gestae

819 823 1233 907 interfuerit3
1279 825 1566 905 tertiam,
1609 845 1810 910 quam
1853 825 2006 910 ipse
2049 847 2171 910 pro
2199 825 2524 910 inquisita
2554 846 2635 890 ac
2664 826 2793 890 sibi
2824 846 3010 891 com·

817 936 1013 1012 perta
1059 927 1268 993 affert.
1355 927 1661 993 Ceterum
1706 929 1799 993 ita
1837 927 2021 993 fama
2058 927 2291 1007 variat,
2328 932 2405 992 ut
2445 936 2668 993 tamen
2708 930 3013 1015 plerique

815 1030 958 1096 loci
997 1030 1392 1113 speculandi
1429 1050 1640 1094 causa
1666 1031 1908 1095 castris
1937 1049 2298 1113 egressum,
2328 1049 2560 1095 omnes
2589 1032 2856 1096 insidiis
2886 1032 3012 1097 cir-

820 1141 1243 1199 cumventum
1275 1134 1563 1198 tradant.

902 1233 1014 1300 28.
1059 1235 1423 1313 Hannibal,
1454 1254 1763 1318 magnum
1782 1240 2092 1300 terrorem
2123 1236 2447 1315 hostibus,
2471 1241 2681 1301 morte
2710 1239 3011 1304 consulis

818 1338 1044 1417 unius,
1075 1338 1347 1403 vulnere
1378 1338 1677 1417 alteriuS,
1709 1338 2029 1424 injectum
2075 1357 2224 1403 esse
2252 1347 2460 1416 ratus,
2494 1357 2576 1403 ne
2605 1340 2716 1403 cui
2749 1339 3013 1406 deesset

818 1442 1192 1520 occasioni,
1224 1448 1448 1507 castra
1485 1442 1554 1506 in
1604 1442 1952 1519 tumulum,
1993 1441 2065 1505 in
2112 1460 2248 1524 quo
2290 1448 2649 1526 pugnatum
2696 1451 2863 1522 erat,
2891 1462 3011 1508 ex·-

820 1544 1072 1628 templo
1128 1545 1460 1610 transfert.
1545 1544 1655 1609 Ibi
1700 1544 2046 1608 inventum
2093 1542 2397 1608 Marcelli
2442 1564 2688 1628 corpus
2727 1544 3013 1629 sepelit-¹

818 1647 1190 1731 Crispiana,
1219 1655 1289 1713 et
1314 1655 1524 1714 morte
1554 1647 1866 1729 collegae„
1885 1651 1955 1710 et
1979 1664 2104 1710 suo
2132 1645 2405 1710 vulnere
2428 1648 2720 1724 territus,
2738 1648 3012 1716 silentio

816 1751 1224 1835 insequentis
1283 1751 1507 1816 noctis
1549 1749 1917 1836 profectuS,
1952 1769 2124 1833 quos
2161 1751 2516 1833 proximos
2557 1761 2801 1816 nactus
2821 1751 2851 1792 ⁶
2909 1761 3013 1820 est

815 1861 1104 1931 montes,
1132 1853 1199 1916 in
1227 1853 1316 1918 iis
1342 1854 1497 1919 loco
1530 1853 1671 1918 alto
1700 1858 1767 1917 et
1796 1858 1942 1917 tuto
1970 1849 2271 1937 undique
2302 1861 2524 1917 castra
2564 1853 2813 1936 posuit.
2899 1855 3013 1922 Ibi

817 1957 948 2021 duo
979 1956 1186 2021 duces
1229 1957 1568 2039 sagaciter
1608 1955 1776 2021 moti
1814 1961 2018 2035 sunt‚⁸
2054 1955 2222 2020 alter
2260 1955 2346 2020 ad
2381 1955 2813 2037 inferendam,
2844 1957 3012 2025 alter

878 2143 907 2167 ¹·
946 2135 1449 2201 Orationeqwafilins
1471 2135 2485 2202 Marcellidffsnctmpatrmpublieepro
2506 2137 2881 2191 mmm.

878 2207 905 2231 2
941 2202 1118 2251 Castra
1145 2202 1403 2266 prudenter
1421 2206 1687 2253 mserum.

1731 2327 1968 2350 mm
1973 2327 2092 2347 ‘m

815 2427 938 2490 edit,
969 2443 1113 2477 unam
1133 2442 1207 2479 sc.
1242 2442 1353 2478 rem
1388 2433 1587 2493 gestam
1610 2434 1714 2479 cet.
1776 2427 1884 2478 Sed
1925 2442 2018 2491 pro
2054 2429 2267 2479 ordinent
2302 2428 2506 2478 Livium
2536 2429 2805 2494 scripsisse
2836 2430 3008 2482 κήαι

816 2501 904 2539 aut
943 2493 1261 2543 narrationem
1284 2494 1501 2543 aliamve
1527 2509 1707 2543 vocem
1732 2508 1848 2554 gen.
1874 2491 1995 2544 fem.
2016 2507 2131 2542 cum
2154 2495 2267 2542 aliis
2284 2495 2535 2557 suspicari
2563 2497 2747 2573 possis.
2815 2497 2925 2547 Pro
2945 2497 3008 2548 L.

819 2557 997 2606 Cellas
1034 2559 1242 2621 quidam
1267 2559 1385 2608 libri
1416 2559 1610 2608 habent
1635 2560 1695 2607 C.
1726 2559 1939 2609 Loelias:
1974 2573 2125 2623 quem
2160 2559 2403 2608 historias
2437 2561 2708 2624 scripsisse
2748 2575 2850 2610 non
2886 2577 3008 2611 eon·

815 2632 939 2674 stat.
974 2623 1057 2673 ef.
1080 2625 1370 2688 Schweigb.
1393 2626 1459 2675 ad
1480 2626 1669 2688 Polyb.
1694 2637 1748 2673 Χ.
1770 2629 1817 2675 8.
1839 2623 1904 2674 83
1940 2625 2143 2689 Rupert.
2146 2632 2239 2675 —5
2277 2626 2472 2677 Parum
2495 2635 2648 2678 caute
2665 2625 2873 2678 videtur
2897 2643 3006 2677 mu·

815 2697 953 2739 tasse
976 2689 1208 2740 Rhenan.
1237 2692 1466 2753 scriptam
1489 2689 1538 2739 iu
1561 2691 1757 2754 scripta,
1767 2690 1947 2751 judice
1971 2689 2137 2739 Gron-

878 2758 912 2804 6
945 2754 1070 2805 Put.
1094 2755 1229 2820 Reg·
1258 2755 1394 2806 Pall.
1419 2756 1570 2807 Voss.
1603 2770 1830 2819 quosquos
1854 2769 2111 2819 proxumos
2145 2760 2364 2807 namu.
2447 2757 2580 2807 Mox
2618 2756 2842 2809 inferius
2881 2759 3007 2812 Put.

1808 2900 1857 2949 N
1865 2898 2025 2951 0¹1·AE

818 3000 877 3048 C.
899 2998 1082 3049 Laelias
1119 2999 1376 3066 scribunt,
1412 3007 1472 3050 ut
1511 3000 1664 3051 Colb.
1697 3001 1783 3049 alii
1811 3001 1871 3051 C.

818 3076 1010 3126 Coelias.
1072 3073 1487 3141 Unde'Sigonins
1512 3085 1663 3141 putat
1681 3076 1873 3127 intelli·

813 3153 1037 3216 gendum
1071 3153 1156 3204 bic
1189 3168 1303 3204 esse
1327 3155 1387 3204 L.
1412 3154 1629 3203 Coelium
1651 3152 1871 3217 Antipa-

816 3237 971 3291 trum,
1001 3229 1152 3293 cnjus
1187 3229 1310 3279 alibi
1341 3229 1538 3280 mentio
1570 3229 1712 3293 apud
1736 3230 1872 3280 Nos·

814 3310 981 3368 trum3
1013 3313 1107 3354 aut
1143 3305 1205 3356 C.
1244 3306 1479 3363 Laelium,
1519 3321 1674 3372 quem
1709 3307 1871 3355 bisto-

816 3380 918 3428 rias
953 3380 1222 3444 scripsisse
1260 3382 1434 3447 colligi
1466 3389 1647 3447 potest
1679 3396 1744 3431 ex
1768 3382 1871 3432 Po·

813 3456 922 3521 lyb.
940 3456 1029 3506 lib.
1055 3469 1110 3508 Χ.

877 3530 903 3566 ¹²
940 3533 1096 3583 Unam
1133 3534 1360 3585 traditan·
1383 3533 1544 3599 fama]
1592 3533 1678 3584 Au
1713 3535 1873 3598 igitur

776 3671 783 3679 ,
811 3611 925 3661 ordo
962 3608 1232 3660 foeminino
1267 3624 1463 3676 genere
1497 3611 1724 3661 dicitur?
1786 3609 1872 3660 Au

812 3700 935 3735 vero
949 3702 1112 3749 mm,
1130 3688 1349 3750 alterans,
1363 3695 1419 3738 et
1433 3688 1629 3737 tertiam
1641 3685 1873 3737 referun-

811 3769 898 3813 tur
922 3763 988 3813 sd
1009 3779 1112 3813 rein
1128 3761 1351 3828 gestam?
1384 3764 1500 3814 Nisi
1524 3778 1618 3828 pro
1640 3764 1871 3826 ordinem,

809 3840 1092 3903 legendum
1143 3841 1484 3906 narrationem,
1536 3842 1728 3907 seriens,
1780 3847 1873 3891 aut

811 3918 936 3982 quid
957 3918 1138 3969 simile.

875 3994 897 4032 ¹-
922 3995 1144 4045 Marcelli
1165 4009 1335 4059 corpas
1353 3994 1546 4060 sepelit]
1595 3995 1776 4046 Decet
1796 3994 1875 4044 ni-

808 4070 993 4121 mirum
1018 4071 1242 4120 victores
1273 4070 1578 4134 moderatio,
1611 4077 1667 4121 et
1697 4072 1870 4120 buma-

810 4147 1006 4209 nitatis,
1025 4146 1078 4195 in
1102 4153 1332 4197 mortuos
1353 4148 1666 4212 praesertim,
1687 4146 1873 4199 officia.

809 4222 1060 4271 Testatur
1081 4222 1226 4273 Plut.
1249 4222 1597 4273 Hannibalem
1630 4222 1871 4273 Marcelli

809 4312 999 4363 eorpus
1024 4298 1326 4364 vultumque
1351 4299 1780 4365 contemplatum,
1812 4308 1871 4349 et

809 4383 1121 4425 commotum
1155 4375 1254 4425 boc
1290 4378 1422 4426 tanti
1445 4377 1540 4426 viri
1570 4391 1713 4440 casu,
1736 4392 1869 4427 mor·

807 4452 886 4500 tui
916 4449 1138 4502 cadaver
1176 4452 1448 4518 splendide
1483 4468 1763 4511 cremasse,
1796 4453 1868 4505 ci-

1952 3013 2206 3065 neresque
2240 3005 2487 3064 argentea
2519 3000 2740 3049 inclusos
2775 3014 2905 3050 urna
2941 3002 3010 3053 ad

1955 3076 2195 3126 Marcelli
2218 3075 2377 3127 filium
2397 3078 2612 3133 misisse,
2629 3077 2784 3127 sicuti
2807 3093 2840 3128 a
2859 3078 3009 3131 Livio

1952 3159 2010 3203 et
2050 3154 2260 3203 Caesare
2304 3151 2543 3217 Augusto
2588 3162 2850 3204 narratum
2892 3156 2967 3207 ait
2987 3172 3004 3205 z

1951 3242 2071 3278 nam
2091 3244 2123 3278 a
2145 3229 2300 3280 Corn.
2322 3230 2522 3294 Nepot.
2552 3236 2608 3280 et
2640 3230 2816 3280 Valer.
2839 3232 3013 3281 Maxi-

1950 3321 2035 3356 mo
2063 3306 2310 3356 traditum
2349 3304 2524 3369 fuisse,
2556 3322 2687 3357 urna
2709 3322 2740 3356 a
2763 3308 3008 3360 Numidis

1949 3398 1982 3434 e
1999 3384 2232 3435 manibus
2255 3383 2602 3436 deferentium
2620 3395 2790 3449 rapta,
2802 3402 3010 3451 sparsos

1950 3478 2011 3513 ac
2035 3463 2309 3527 dissipatos
2330 3464 2533 3513 cineres
2559 3464 2806 3529 jacuisse.
2870 3469 3009 3520 Ecce

1953 3541 2047 3592 tibi
2072 3557 2137 3591 ex
2162 3543 2383 3593 nummis
2406 3544 2648 3595 Marcelli
2670 3544 2891 3613 effigies:
