3259 5225
491 476 566 559 ciu.
588 508 735 559 xxvrrr.
757 496 885 563 (ΜΗ
1149 496 1233 567 wi

138 650 249 718 millia
265 650 431 718 scuretiat
446 661 482 719 et
496 654 633 719 ducenti
645 654 777 739 equites
790 674 800 736 ;
814 652 902 721 hanc
916 655 1240 742 justam‘lcgionew

139 754 195 840 (et
217 754 252 820 id
279 755 382 821 ferme
404 756 533 821 roboris
556 758 645 843 erat)
666 758 701 823 in
726 757 836 843 prima
857 758 931 824 acie
951 758 1060 825 locat:
1082 766 1240 836 ceteros,4

139 858 250 922 levem
267 866 475 936 armaturam,
490 859 523 923 in
541 859 701 925 subsidiis
716 862 840 944 posuit.
895 860 980 927 Cum
995 861 1044 925 ita
1059 861 1240 927 instructos

141 961 300 1027 educeret
325 960 457 1040 castris,
480 960 619 1027 vixdum
646 962 679 1027 in
701 980 855 1045 egressos
879 963 971 1027 vallo
996 960 1143 1028 Romani
1168 964 1240 1048 pila

140 1064 366 1150 conjecerunt.
409 1062 597 1129 Subsidunt
617 1062 765 1147 Hispani
785 1062 947 1130 aduersus
967 1065 1093 1130 emissa
1106 1065 1178 1129 tela
1196 1066 1241 1130 ab

130 1164 243 1231 «hoste
254 1186 264 1247 3
276 1165 355 1230 iude
369 1166 412 1230 ad
426 1164 609 1233 mittenda5
624 1166 693 1249 ipsi
709 1174 927 1249 consurgunt.
970 1165 1059 1247 Quae
1074 1188 1150 1233 curn
1166 1168 1241 1234 Ro·

140 1267 235 1333 mani
249 1267 404 1347 conferti,
426 1274 465 1333 ut
483 1268 603 1346 solent,
621 1268 771 1333 densatis
786 1270 1003 1353 excepissent
1017 1271 1147 1352 scutis3
1168 1275 1240 1336 tum

140 1388 207 1455 per
223 1390 299 1435 curn
315 1370 402 1455 pede
417 1370 574 1451 collatus,
587 1378 622 1437 et
643 1370 763 1454 gladiis
778 1372 847 1455 geri
862 1392 916 1437 res
933 1383 1048 1456 coepta
1066 1377 1130 1437 est.
1173 1370 1240 1437 Ge-

140 1480 250 1537 terum
277 1473 443 1557 asperitas
472 1472 622 1539 locorum
645 1481 681 1538 et
701 1472 894 1552 Celtiberis,
917 1474 1041 1558 quibus
1061 1474 1096 1539 in
1119 1473 1238 1558 praelio

141 1592 341 1640 concursare
356 1594 430 1639 mos
445 1582 509 1653 est,
529 1574 742 1641 velocitatem
760 1574 911 1641 inutilem
936 1575 1089 1653 iaciebat,
1103 1583 1137 1643 et
1149 1574 1239 1640 haud

140 1676 260 1761 iniqua
282 1674 402 1741 eadem
424 1682 497 1743 erat
518 1676 683 1743 Romanis
705 1678 820 1743 stabili
840 1696 963 1763 pugnte
985 1679 1151 1759 assuetis3
1172 1678 1239 1743 nisi

142 1778 238 1863 quod
253 1781 416 1861 angustiae
431 1788 467 1845 et
480 1780 663 1847 internatu‘
676 1780 823 1865 virgulta
837 1780 971 1846 ordines
986 1781 1192 1859 dirimebant,
1206 1788 1240 1846 et

141 1880 266 1963 singuli
281 1880 432 1967 binique,
446 1883 539 1947 velut
553 1902 628 1951 curn
644 1884 792 1969 paribus,
805 1902 977 1948 conserere
986 1902 1130 1967 pugnam
1140 1900 1239 1965 coge·

139 1984 273 2049 bantur.
316 1982 420 2063 Quod
435 1983 480 2051 ad
490 1984 606 2067 lugam
621 1986 864 2070 impedimento
878 1985 1031 2050 hostibus
1044 1993 1127 2063 crat,
1143 1984 1178 2049 id
1193 1984 1238 2051 ad

141 2088 273 2153 caedcm
288 2085 374 2163 eos,⁶
388 2088 481 2153 velut
494 2088 634 2165 vinctos,
649 2089 834 2173 proebebat.
863 2088 908 2153 Et
915 2086 1000 2173 jam,
1013 2086 1119 2152 ferme
1134 2088 1240 2153 omni·

139 2189 207 2255 bus
219 2190 360 2255 scutatis
374 2188 618 2256 celtiberorum
630 2189 821 2269 interiectis,
834 2190 920 2255 leuis
934 2195 1102 2255 armatura
1114 2188 1240 2256 etcer-

140 2290 380 2375 thaginienser,
401 2292 459 2376 qui
474 2310 519 2357 ex
534 2292 648 2358 cltcds
662 2291 782 2357 castris
803 2292 956 2358 subsidio
975 2296 1146 2370 venerant,
1163 2311 1239 2376 per·

140 2393 230 2459 culsi
245 2393 471 2459 credebantur.
525 2394 605 2459 Duo
623 2393 714 2459 hand
734 2392 878 2477 amplius
896 2392 1000 2458 millia
1014 2393 1190 2477 peditnm⁷
1205 2400 1238 2459 et

140 2496 315 2581 equitatus
330 2497 451 2574 omnis,
470 2494 530 2561 rix
545 2496 629 2561 inito
643 2496 773 2580 praelio,
788 2514 865 2561 cum
887 2492 1033 2577 Magone
1046 2494 1240 2578 effugerunt.

140 2598 281 2676 Hanno,
296 2600 382 2666 alter
397 2599 588 2684 imperator,
603 2619 680 2664 curn
702 2600 764 2678 eis,
777 2598 838 2683 qui
851 2592 1024 2683 postremi,
1035 2594 1108 2680 jam
1125 2596 1239 2681 proili-

139 2708 219 2786 gato
234 2701 364 2787 praelio,
379 2701 589 2782 advenerant,
604 2703 702 2769 vivus
718 2702 862 2786 capitur.
914 2697 1092 2783 Magonem
1109 2698 1240 2782 fngien-

139 2811 207 2872 tem
226 2805 396 2889 equitatus
417 2804 520 2869 ferme
541 2804 650 2870 omnis
672 2811 707 2868 et
730 2803 822 2889 quod
836 2806 985 2868 veterum
1002 2801 1155 2886 peditum
1169 2809 1240 2868 crat

141 2907 261 2986 acuti,
283 2906 416 2974 decimo
430 2905 486 2972 die
502 2908 538 2972 in
553 2907 760 2974 Gaditanam
777 2899 1007 2992 provinciamd
1024 2901 1068 2970 ad
1083 2903 1240 2969 Hasdru·

175 3105 186 3133 ⁸
202 3097 522 3164 Stirpmtiacirdcrrute.

600 3191 779 3214 ΜΟΜΙΝ

139 3292 301 3358 veniat-⁸
317 3293 433 3346 ‘Scatuti
451 3295 503 3348 duo
520 3297 585 3347 Mer.
598 3294 672 3360 prob.
689 3294 772 3347 Gron.
798 3297 865 3344 reatu
882 3297 910 3342 et
924 3297 1021 3344 uoce
1037 3291 1131 3356 reliqui
1141 3297 1170 3341 ct
1180 3287 1242 3340 edd.

141 3367 208 3409 antt.
232 3359 377 3412 mortua
387 3361 448 3412 cdd·
459 3368 571 3414 recentt·
582 3375 615 3411 ex
625 3360 728 3410 emend.
739 3357 881 3410 Sabellicl!
896 3358 1047 3422 liutpert—t
1068 3357 1141 3407 ‘Pro
1150 3361 1242 3407 emor

141 3423 225 3475 Gran.
237 3433 265 3476 et
274 3426 352 3476 Creu.
363 3424 492 3480 dederuut
502 3433 612 3477 ceterum.
637 3425 689 3478 Sed
700 3433 814 3476 nostram
826 3424 966 3474 lectionem
978 3421 1082 3488 plurimi
1093 3420 1165 3473 tibrr.
1176 3422 1243 3471 Mra·

141 3488 211 3552 apud
225 3489 360 3542 Drakenb.
373 3491 497 3542 tuentur?
513 3492 632 3552 Deerirrg.

173 3559 189 3604 6
202 3553 273 3605 Olim
282 3555 367 3620 legeb.
377 3557 409 3608 cd
418 3557 560 3608 emittmlm
569 3557 630 3606 Ver.
638 3553 685 3605 lib.
693 3553 725 3604 ud
733 3551 968 3616 rcuittradcfflrob.
977 3552 1069 3617 Sigon.
1084 3549 1165 3601 ‘Pac
1173 3549 1241 3613 Reg.

141 3617 217 3672 Meu.
226 3620 286 3672 Pel.
295 3623 326 3672 nd
341 3621 475 3673 mittendc'
490 3621 519 3676 J.
530 3621 562 3673 F.
572 3621 736 3672 Gronau-tl
754 3619 825 3671 Olim
835 3621 901 3669 etad
912 3619 1000 3668 caedtar
1010 3619 1107 3668 met
1123 3616 1184 3666 Ver.
1195 3613 1241 3664 lib.

637 3762 750 3820 ΝΟΜ

174 3862 187 3898 ”’
203 3864 394 3922 Quantula
403 3867 491 3918 meur
501 3865 669 3932 [warram]
713 3864 820 3929 cerem,
832 3865 905 3914 reeee
919 3865 1073 3924 murm,
1087 3856 1241 3924 epexegesis

141 3941 251 3992 Verrius
266 3945 367 4006 quotuor
382 3943 459 3994 mittin
476 3943 579 3994 tutati:
601 3943 670 4010 quud
711 3949 761 3992 ert.

142 4017 567 4086 conjtcttexPutlnquurcututnr
577 4019 671 4070 inaliir
743 4017 756 4054 t
772 4018 805 4068 1rr
822 4017 971 4068 ww
984 4011 1143 4081 Μυσίαι]
1158 4012 1242 4064 tree-

142 4101 221 4148 nta·
711 4101 767 4146 tum
793 4095 913 4160 intellige
934 4093 1052 4145 eadum
1076 4089 1241 4150 attributam,

173 4181 186 4208 ⁰
202 4173 276 4224 Hunc
287 4173 382 4237 intona
394 4173 522 4240 ὶιςΐωιω]
539 4173 668 4225 Romano·
710 4172 754 4238 qai
774 4169 808 4222 ad
827 4173 961 4236 utriusque
976 4170 1056 4220 marla
1073 4165 1163 4218 lauces
1182 4181 1242 4231 pro·

143 4262 200 4299 rum
212 4249 318 4314 proprie
331 4249 400 4314 legio
412 4248 525 4312 dicitur;
535 4249 577 4300 llic
592 4251 670 4302 arcii·
711 4248 802 4304 currit,
813 4247 859 4297 ubi
867 4244 1162 4298 conventuatlrdltauna
1171 4249 1241 4308 port·

142 4325 214 4376 bitur
226 4325 375 4388 Celtiberia,
386 4326 453 4392 quod
472 4334 501 4376 et
518 4341 626 4379 numero
642 4337 671 4380 et
711 4339 742 4376 ea
762 4340 778 4375 a
797 4324 922 4374 Romanis
942 4323 1078 4374 institutus
1095 4319 1163 4381 suin
1188 4333 1241 4370 nne

142 4402 225 4454 rcntlr
236 4403 380 4455 Romanum
391 4417 488 4455 morem
498 4403 671 4456 imitarentur.
711 4417 771 4456 enm
782 4401 868 4454 ricino
884 4401 994 4453 Bretina
1005 4405 1100 4452 tractu
1133 4398 1241 4452 Mauru-
