3259 5225
381 538 469 607 artu
856 557 893 606 r.
917 556 1013 605 urrrr

382 702 524 779 unisset,
534 700 570 767 ni
593 706 727 767 cruenta
746 706 844 767 scuta
866 700 1096 767 Romanorum
1114 701 1201 778 visa
1214 698 1379 767 indicium
1396 702 1480 766 alte-

383 807 453 869 rius
474 804 584 869 cladis
608 803 737 884 Poenis,
757 811 860 888 atque
877 804 956 869 inde
976 824 1135 889 pavorem
1158 805 1364 890 injecissent.
1408 804 1480 869 Hic

384 912 488 971 terror
510 909 544 971 in
568 906 681 989 lugam
705 908 846 973 avertit4
869 927 1005 989 omnes3
1036 908 1213 993 effusique,
1235 928 1304 993 qua
1329 907 1393 973 iter
1416 916 1480 988 est,

383 1011 447 1074 nisi
462 1029 550 1093 quos
570 1010 683 1075 caedes
699 1012 878 1095 oppressit,
893 1016 1063 1075 exuuntur
1077 1012 1209 1075 castris.
1253 1011 1310 1075 Ita
1325 1020 1425 1075 nocte
1439 1030 1489 1076 ac·

383 1112 461 1175 die⁵
483 1113 563 1177 bina
577 1120 686 1178 eastra
698 1113 846 1182 hostiurn
862 1122 1058 1199 expugnata
1071 1113 1173 1179 ductu
1189 1114 1231 1178 1..
1247 1114 1379 1179 Marcii.
1423 1112 1482 1178 Ad

384 1215 514 1295 triginta
532 1212 663 1298 septem
684 1216 792 1281 millia
810 1216 958 1281 bostium
980 1234 1084 1294 caeso,
1098 1203 1217 1280 auctor
1237 1223 1291 1280 est
1307 1215 1481 1294 Claudius,

384 1317 444 1399 qui
467 1318 605 1383 annales
628 1316 826 1384 Acilianos¹
846 1339 890 1383 ex
913 1318 1037 1385 Graeco
1060 1321 1095 1382 in
1117 1318 1272 1383 Latinum
1292 1338 1482 1383 sermonem

384 1417 523 1483 vertitz⁶
545 1426 664 1504 captos
686 1422 729 1485 ad
751 1422 843 1486 mille
862 1423 1071 1504 octingentos
1085 1422 1238 1503 triginta:
1261 1420 1413 1504 praedam
1433 1423 1484 1485 in-

383 1529 517 1602 gentem
540 1533 682 1606 partam.
727 1525 769 1589 In
791 1545 834 1590 ea
851 1526 957 1591 luisse
979 1526 1135 1609 clypeum
1156 1532 1346 1607 argenteum
1366 1524 1483 1606 pondo

384 1631 520 1688 centnm
544 1628 678 1709 triginta
699 1636 801 1705 octo,⁸
825 1646 900 1691 cum
924 1628 1068 1709 imagine
1089 1626 1224 1691 Barcini
1246 1626 1484 1691 Hasdmbalis.

384 1722 541 1792 Valerius
565 1729 688 1793 Antias
708 1748 775 1793 nna
798 1737 911 1793 castra
931 1728 1095 1808 Magonis
1113 1734 1213 1811 capta
1227 1726 1339 1806 tradit,
1353 1734 1484 1811 septem

384 1828 489 1893 millia
511 1848 605 1895 caesa
628 1832 814 1895 bostium:⁷
840 1832 944 1896 altero
966 1833 1096 1915 praelio,
1111 1832 1284 1915 emptione
1298 1839 1485 1913 pugnatum

384 1948 462 1995 cum
478 1931 710 1998 Hasdrubale:
735 1932 851 1997 decern
867 1932 974 1997 millia
994 1934 1120 2009 occisa,
1137 1937 1282 2016 quatuor
1300 1932 1406 1994 millia
1421 1924 1486 1994 tre·

386 2040 501 2096 centos
518 2033 648 2117 triginta
664 2042 795 2117 captos.
835 2034 920 2099 Piso
934 2036 1079 2119 quinque
1092 2033 1200 2098 millia
1209 2034 1393 2113 bominum,
1406 2052 1486 2099 cum

386 2133 492 2216 Mago
516 2135 670 2200 cedentes
687 2146 824 2201 nostros
844 2137 948 2202 effuse
966 2144 1171 2222 sequeretur,
1186 2156 1279 2201 caesa
1293 2156 1336 2200 ex
1351 2135 1487 2201 insidiis

386 2237 513 2301 scribit.
557 2237 661 2321 Apud
683 2259 799 2305 omnes
824 2260 980 2323 magnum
1004 2260 1123 2305 nomen
1150 2240 1273 2305 Marcii
1297 2239 1397 2304 ducis
1420 2247 1485 2302 cst.

387 2336 433 2401 Et
454 2358 543 2403 uerae
566 2340 679 2422 gloriae
701 2340 775 2427 ejus
797 2343 897 2410 etiam
919 2344 1079 2409 miracula
1099 2341 1245 2407 addunt:
1269 2341 1436 2405 flammam
1452 2342 1487 2405 ei

387 2440 600 2505 concionanti
614 2441 725 2507 lusam
741 2464 761 2507 e
780 2443 918 2529 capite,l
931 2445 1006 2510 sine
1019 2446 1132 2530 ipsius
1144 2464 1259 2521 sensu,
1274 2462 1350 2509 cum
1363 2460 1488 2525 magno

385 2560 511 2626 pavore
532 2543 815 2611 circumstantium
840 2548 994 2614 militum.
1039 2547 1355 2633 Monumeutnmqne
1378 2548 1489 2612 ricto-

387 2644 447 2711 rire
467 2645 540 2731 ejus
559 2648 601 2712 de
623 2648 750 2728 Poenis,
764 2671 874 2734 usque
894 2653 938 2716 ad
956 2652 1130 2716 incensum
1143 2650 1363 2736 Capitolium,
1378 2652 1487 2716 inisse

387 2749 421 2816 in
446 2751 575 2834 templo
600 2753 764 2838 clypeum,
792 2755 960 2820 Marcium
990 2754 1210 2840 appellatum,
1236 2773 1315 2819 cum
1339 2754 1488 2837 imagine

388 2851 627 2920 Hasdmbalis.
672 2855 809 2936 Quietae
830 2857 949 2922 deinde
971 2857 1178 2941 aliquamdiu
1198 2857 1232 2920 in
1248 2855 1420 2940 Hispania
1433 2875 1489 2921 res

387 2953 492 3034 inere,
513 2959 676 3042 utrisque,
696 2967 778 3041 port
801 2965 910 3024 tantas
933 2967 1096 3044 acceptas
1116 2959 1152 3022 in
1171 2958 1280 3023 ricem
1303 2957 1489 3042 illatasque

388 3055 514 3134 clades,
531 3061 771 3125 cunctantibus
786 3062 971 3146 pericnlum
987 3079 1127 3126 summm
1142 3079 1250 3125 rernm
1265 3060 1384 3124 iacere.

430 3159 485 3222 40.
509 3161 601 3226 Dum
627 3162 700 3230 haec
724 3165 758 3228 in
783 3165 950 3249 Hispania
978 3171 1143 3248 gematur,
1166 3162 1349 3228 Marcellus
1375 3164 1489 3247 captis

846 3313 1029 3334 ”nonum

389 3409 438 3454 -4
456 3404 497 3456 ΑΙ.
512 3409 579 3458 Hinc
596 3419 623 3459 et
640 3413 767 3462 uniit-5
787 3413 827 3463 lta
843 3419 910 3464 recte
926 3418 951 3462 et
967 3413 1014 3462 die.
1032 3411 1093 3462 Vet.
1110 3409 1156 3459 lib.
1172 3410 1385 3473 Arquitenens
1401 3411 1425 3455 et
1441 3405 1489 3456 die.

390 3471 528 3532 Sigon-ti
546 3477 603 3524 Ver.
615 3475 658 3525 lib.
671 3477 739 3540 apud
753 3481 874 3539 eundem,
885 3495 916 3528 ex
928 3477 1014 3527 Graeco
1024 3491 1129 3527 sermone
1139 3477 1271 3525 vertit-i
1290 3475 1348 3525 Vet.
1361 3474 1404 3523 lib.
1417 3472 1490 3536 apud

389 3537 465 3585 eund.
474 3544 562 3601 reptem
570 3541 728 3600 milliusernre
738 3557 800 3594 caso
810 3544 923 3593 Ιιιιίίιιιι.

885 3639 995 3691 NOTAE

420 3733 553 3784 'Araden
572 3735 707 3802 Acilianos]
741 3739 774 3792 Q.
797 3739 920 3790 Claudius
960 3737 1015 3801 bat,
1026 3737 1128 3800 argenti
1140 3737 1197 3800 ejns
1208 3734 1320 3800 pretinm
1339 3748 1407 3783 nunc
1418 3739 1491 3784 erret

390 3810 587 3874 Quadrigarius,
601 3816 674 3878 cujus
692 3831 762 3866 nnuc
773 3817 781 3843 ‘
792 3815 921 3866 Annulea'
959 3814 1049 3864 librar.
1061 3814 1242 3862 Francicarurn
1254 3811 1336 3860 ferme
1347 3815 1421 3861 laos.

389 3887 710 3946 nunc‘Historioe,'nnnc
725 3892 919 3942 ‘Romanorum
992 3889 1152 3940 irum
1172 3892 1194 3938 ei
1214 3888 1362 3938 meionmti
1374 3887 1491 3947 suniae

389 3962 450 4012 libri
461 3962 612 4016 'citantura
622 3966 718 4024 Gellio,
726 3969 921 4032 aliisqueVete·
959 3967 1046 4030 capite]
1070 3967 1164 4016 Marcii
1175 3964 1282 4029 efligies,
1293 3963 1408 4013 flammae
1419 3979 1434 4011 e
1446 3977 1491 4013 ca·

390 4051 514 4098 rn1n3eu
533 4041 602 4091 idem
622 4046 657 4094 sit
675 4045 719 4110 qni
739 4047 845 4095 annales
862 4046 920 4097 Caii
959 4046 1015 4108 pite
1025 4045 1096 4093 relut
1107 4057 1204 4092 cornua
1218 4042 1337 4106 quadarn
1348 4039 1493 4098 fundentis,

389 4113 476 4176 Acilii,
488 4117 629 4168 Plutarcho
639 4121 716 4170 etiarn
728 4121 921 4171 memoratoria
959 4121 987 4170 in
997 4120 1107 4168 nummis
1117 4119 1285 4182 conspicitur.
1300 4116 1370 4165 Vide
1382 4117 1408 4164 io
1424 4117 1491 4165 benc

391 4191 510 4249 Ronrnlo.
531 4194 623 4245 Latine
643 4197 787 4260 transtulit,
805 4212 839 4248 an
857 4211 920 4248 rero
960 4196 1128 4260 remquude
1140 4192 1406 4245 Serrio'l'nlliolib.r.
1418 4196 1491 4244 usit.

392 4267 425 4316 ab
437 4282 469 4316 eo
480 4270 606 4335 diversor,
618 4273 766 4337 ambigitur.
959 4273 1049 4322 Simile
1068 4272 1131 4336 qnid
1151 4272 1185 4321 de
1203 4270 1351 4320 Salvidieno
1370 4274 1491 4332 tempore

424 4352 435 4377 ¹
451 4347 535 4402 Panda
552 4355 646 4399 reatum
659 4351 762 4413 triginta
778 4351 842 4416 orto]
868 4350 921 4404 Qui
960 4353 1070 4417 angunt
1081 4362 1170 4402 narrat
1180 4351 1347 4403 vicenariae
1359 4351 1376 4399 l.
1389 4362 1491 4400 ruvrrr.

392 4429 493 4479 scilicet
512 4429 590 4480 librar
604 4433 658 4478 ita.
677 4430 805 4480 Romanae
823 4431 920 4495 pende·
961 4445 984 4480 c.
995 4435 1038 4480 24.
