3259 5225
381 567 470 635 2184
849 583 884 634 r.
908 583 1005 634 mvn

382 727 433 792 ire
458 723 627 810 Esquilias
648 699 849 810 jusseruntr
876 725 987 792 nullos
1010 725 1170 811 aptiores,
1194 724 1281 790 iuter
1302 723 1473 808 convalles

381 834 540 913 tectoque
552 827 723 892 hortorum
744 834 779 893 et
797 827 955 911 sepulcra
968 836 1028 892 ant
1047 846 1150 893 envas
1169 827 1316 910 nudique
1329 826 1414 906 vias,
1429 825 1473 891 ad

381 930 595 1015 pugnandum
608 927 740 994 tuturos
758 929 832 994 rati.
876 927 974 1008 Quos
988 949 1066 994 cum
1081 949 1128 994 ex
1142 948 1219 994 arce
1233 927 1474 1014 Capitolioque

382 1033 471 1098 clivo
492 1030 648 1098 Publicio
657 1039 703 1082 ¹⁹¹
724 1030 759 1094 iu
784 1031 881 1115 equis
907 1030 1120 1098 decurrentes
1142 1031 1279 1116 qnidam
1298 1031 1474 1108 vidissent,
1567 1019 1571 1026 ’

382 1141 517 1218 captum
535 1132 733 1200 Aventinum
745 1135 1046 1200 conclamaverunt.
1077 1133 1129 1200 Ea
1143 1153 1197 1199 res
1211 1141 1340 1226 tanturn
1355 1131 1475 1199 tumul·

382 1241 454 1302 tnur
469 1235 634 1319 aufugam
646 1235 800 1320 praebuit,
814 1243 865 1313 ut,
879 1236 948 1302 nisi
962 1243 1075 1302 castra
1089 1235 1221 1302 Punica
1234 1243 1331 1302 extra
1349 1235 1474 1301 Urbem

380 1337 536 1417 fuissent,
550 1337 697 1404 effusura
711 1357 748 1402 se
766 1339 873 1403 omnis
888 1338 1014 1422 pavida
1027 1336 1206 1404 multitudo
1224 1337 1334 1403 fuerit.
1377 1336 1475 1403 Tunc

382 1442 417 1506 in
430 1440 551 1508 domos
571 1444 671 1525 atque
689 1441 723 1504 iu
742 1444 828 1504 tecta
841 1440 1058 1524 refugiebant,
1073 1459 1245 1525 vagosque
1264 1440 1300 1504 iu
1314 1438 1378 1504 viis
1392 1459 1475 1505 suos

380 1563 445 1630 pro
459 1544 614 1608 hostibus
626 1542 800 1626 lapidibus
821 1543 963 1626 telisque
976 1543 1198 1608 incessebant.
1243 1541 1277 1605 N
1278 1561 1317 1606 ec
1331 1542 1475 1624 compri-

381 1645 428 1711 mi
452 1647 618 1712 tumultus
643 1645 834 1728 aperirique
859 1663 950 1708 error
971 1649 1113 1728 poterat,
1142 1643 1274 1709 refertis
1296 1643 1474 1708 itineribus

381 1751 561 1831 agrestium
585 1749 682 1812 turba
710 1765 948 1832 pecorumque,
984 1766 1062 1831 quae
1086 1748 1278 1830 repentinus
1305 1763 1412 1829 pavor
1441 1747 1474 1810 in

380 1852 495 1915 urbem
526 1850 751 1932 compulerat.
795 1849 964 1933 Equeme
992 1849 1146 1932 praelium
1176 1848 1360 1914 secundum
1395 1847 1473 1925 init,

379 1953 602 2035 summotique
611 1952 725 2017 hostes
738 1960 835 2031 sunt3
858 1958 904 2029 et,
914 1951 995 2036 quia
1010 1951 1125 2016 multis
1137 1952 1221 2017 locis
1234 1951 1473 2036 comprimendi

380 2055 542 2120 tumultus
555 2061 657 2131 erant,
679 2055 739 2138 qni
756 2059 878 2120 terame
899 2054 1096 2132 oriebantur,
1116 2053 1254 2138 placuit,
1272 2073 1400 2132 omues,
1414 2053 1473 2137 qui

380 2155 574 2235 dictatores,
589 2156 746 2222 eonsules
760 2175 958 2221 censoresve
971 2155 1124 2234 fuissent,
1138 2176 1215 2221 cum
1231 2157 1371 2240 imperio
1386 2176 1473 2234 esse,

381 2257 488 2323 donec
510 2257 744 2348 recessisseta
764 2259 866 2323 muris
885 2258 1006 2324 hostis.
1051 2258 1095 2324 Et
1113 2257 1181 2322 diei
1202 2259 1292 2342 qnod
1307 2259 1473 2342 reliqnnru

379 2359 455 2439 suit,
475 2369 513 2425 et
531 2368 633 2426 nocte
656 2361 856 2445 insequenti,
880 2361 978 2427 multi
1000 2368 1124 2427 temere
1149 2363 1288 2427 excitati
1308 2360 1473 2426 tumultus

381 2463 730 2548 suntcompressiqne.

423 2564 478 2630 ll.
500 2563 678 2631 Postremo
706 2564 762 2631 die
788 2570 1014 2652 transgressus
1044 2565 1208 2633 Anienem
1233 2563 1408 2632 Hannibal
1437 2564 1473 2631 in

380 2669 488 2734 aciem
503 2687 619 2734 omnes
633 2669 752 2753 copias
762 2670 898 2751 eduxit3
921 2690 983 2735 nee
1004 2669 1148 2736 Flaccus
1163 2669 1387 2754 consulesque
1402 2686 1474 2732 oer-

379 2776 490 2835 tamen
520 2770 755 2837 detrectavere
798 2772 980 2838 instructis
1009 2773 1176 2858 utrimque
1203 2770 1408 2837 exercitibus
1436 2770 1473 2834 in

379 2873 455 2957 ejus
475 2892 597 2957 pugnae
617 2892 747 2954 casnm,
765 2873 837 2938 in²⁰
856 2893 927 2958 qua
941 2875 1020 2939 urbs
1037 2872 1149 2939 Roma
1162 2873 1285 2939 victori
1299 2871 1473 2955 praemium

378 2979 479 3053 esset,
494 2975 599 3039 imber
616 2975 753 3057 ingens·
768 2977 929 3060 grandine
952 2980 1079 3043 mixtus
1101 2977 1150 3043 ita
1168 2983 1342 3059 utramque
1364 2974 1473 3039 aciem

380 3076 538 3154 turbavit,
563 3082 602 3140 ut
621 3078 680 3142 vix
704 3078 805 3143 armis
829 3078 964 3143 retentis
987 3080 1022 3143 in
1047 3086 1158 3143 castra
1181 3096 1256 3143 sese
1274 3076 1473 3159 receperint,

378 3177 503 3243 nullius
525 3178 573 3242 rei
591 3179 729 3259 minore,
753 3200 855 3265 quam
880 3179 1036 3261 bostium,
1059 3188 1159 3246 metu.
1203 3180 1249 3246 Et
1263 3187 1402 3263 postero
1417 3177 1473 3243 die

851 3344 1018 3368 00040010Νο

380 3407 624 3473 Kreyssigina-ltt
639 3410 718 3474 vulg.
730 3342 851 3475 publia:

411 3478 445 3525 Μ
459 3473 512 3523 “rb
521 3476 548 3525 ta
558 3482 645 3525 ortum
656 3490 712 3526 csse
729 3492 763 3527 ex
779 3478 894 3543 praeced.
909 3478 987 3530 litera
1007 3492 1032 3527 sa
1047 3454 1474 3543 surptcsbsrurnnk.’'1tapers.-

873 3592 980 3645 NO'l'AE

411 3692 423 3722 ι
440 3687 507 3736 ctieo
523 3687 632 3739 Publicio
650 3690 765 3756 [publico]
788 3692 823 3742 In
840 3691 907 3742 colle
947 3697 1024 3757 taque
1036 3696 1170 3742 ventorum
1181 3688 1305 3753 uiolentia
1317 3693 1407 3738 coorta
1421 3693 1474 3751 ert,

379 3764 507 3817 Quirinali
523 3764 571 3815 luit
583 3765 721 3831 biccliass,
735 3769 804 3818 haud
815 3768 907 3834 procul
946 3774 976 3817 ut
992 3767 1116 3818 divinitus
1131 3768 1228 3818 bostem
1245 3765 1411 3828 summoveri,
1427 3778 1474 3813 ue-

379 3841 478 3905 templo
495 3848 523 3891 et
533 3841 602 3892 eireo
613 3844 707 3905 Flore,
717 3846 823 3910 regione
835 3844 906 3895 urbis
947 3858 997 3909 que
1009 3846 1085 3908 culo,
1098 3846 1144 3896 red
1160 3846 1194 3895 sb
1210 3844 1282 3894 urbis
1292 3843 1372 3907 ipsius
1384 3843 1475 3893 muni·

378 3931 437 3979 quer
456 3923 574 3982 trurpors
589 3918 701 3984 Augusti
719 3928 802 3980 sexta,
817 3930 846 3973 et
864 3924 906 3973 eni
945 3920 1474 3987 bus.etcrpitoliosarririderetor:quod

377 3994 412 4043 ab
423 3992 487 4044 Alta
496 3995 589 4046 remita
598 3996 708 4048 inditnrn
719 4012 821 4049 nomen.
946 4000 1063 4049 imitatus
1080 3998 1217 4049 Claudiae.
1233 4012 1265 4048 ιι.
1285 3998 1317 4047 de
1329 3996 1396 4047 bello
1407 3996 1471 4047 Get.

409 4070 509 4122 ‘irater
517 4073 615 4138 ineas]
629 4075 729 4127 Scribit
738 4076 764 4125 in
774 4077 842 4126 banc
851 4090 905 4127 reor
944 4077 1018 4127 ‘Nee
1027 4076 1224 4127 nominasedern
1232 4074 1396 4125 Destitouut.
1410 4072 1473 4123 Jac-

378 4147 448 4197 Fler.
458 4162 489 4197 ιι.
500 4153 524 4197 6.
541 4150 672 4201 ‘moventi
686 4158 773 4202 eastra
792 4166 808 4201 a
826 4154 905 4203 tertio
946 4152 1262 4217 saraprocaluiennrnrin
1272 4150 1370 4200 bostem
1377 4150 1472 4201 Fulmi-

376 4223 617 4287 lapidellannibali
630 4225 806 4291 iterumipros
827 4227 905 4286 Deos,
944 4242 987 4293 na,
1014 4228 1146 4293 divinique
1167 4228 1256 4277 rolant
1277 4241 1323 4292 pro
1345 4226 1473 4276 ruoeuibus

377 4299 449 4349 Deos
471 4300 583 4366 inquam,
593 4300 655 4364 (uec
675 4300 753 4351 fateri
771 4302 904 4368 pudebit,)
943 4304 1032 4369 lgneus
1045 4305 1098 4355 Seu
1109 4305 1210 4361 eulurn,
1222 4318 1268 4354 reu
1279 4303 1361 4353 Roma
1369 4301 1475 4353 teunt.”

376 4374 513 4425 restitisse.
550 4377 633 4425 'l'sura
653 4378 721 4427 enirn
739 4378 773 4429 sd
791 4379 905 4445 singulos
943 4382 1004 4434 t'ld.
1016 4384 1104 4434 valer.
1116 4382 1187 4433 llas.

376 4449 446 4501 illins
456 4460 540 4503 motus
552 4452 590 4502 ris
604 4452 723 4505 imbrium
741 4452 830 4515 rffrrsa,
849 4464 904 4508 tau·
