3259 5225
200 976 276 1094 Τ.
339 975 590 1094 LIVII
657 952 1128 1096 PATAVINI

423 1259 907 1358 utsuoruurrum
1016 1415 1017 1420 ψ

339 1539 422 1614 ΑΒ
476 1541 653 1620 URBE
706 1543 1003 1621 CONDITA

501 1805 651 1871 LIBER
686 1805 836 1873 XXVI.

543 2341 799 2391 nuuvtsnwu.

118 2467 186 2520 Cur.
201 2474 225 2520 l·
251 2471 411 2524 Diridonmr
429 2472 570 2537 provincie
589 2479 618 2523 et
636 2485 721 2524 xxm.
739 2473 864 2538 legiones.
897 2473 970 2525 21..
991 2473 1105 2526 Marcius
1128 2483 1214 2527 sumto

151 2557 324 2617 propretoris
335 2555 413 2606 titulo
429 2551 539 2605 offendit
551 2559 651 2619 potres,
662 2560 690 2605 et
700 2555 726 2604 hi
738 2569 796 2605 eoru
814 2555 924 2606 tribunis
936 2555 1018 2621 piebis
1033 2565 1123 2623 egunt,
1140 2567 1169 2608 ut
1184 2558 1217 2608 sd

151 2633 257 2696 plebeos
268 2634 448 2703 ferent,qnens
457 2637 630 2702 cumimperio
643 2636 711 2686 mitti
722 2638 829 2701 placent
840 2638 866 2685 iu
878 2638 1038 2701 Hispanism.
1070 2639 1122 2689 Sed
1136 2640 1219 2703 piebis

152 2718 251 2767 suimus
263 2726 376 2783 occupet
386 2726 529 2781 certamen,
540 2734 556 2768 ι
566 2719 597 2769 C.
606 2719 761 2782 Sempronio
773 2720 862 2769 Biaeso
875 2718 936 2768 trib.
946 2720 981 2783 pl.
993 2726 1101 2776 motum,
1113 2721 1157 2785 qui
1170 2720 1218 2770 Cu.

152 2795 246 2847 Fulvio
257 2797 325 2848 dien
343 2799 407 2849 dicit
420 2800 454 2849 ob
468 2798 613 2849 exereitum
625 2798 650 2848 in
659 2798 756 2863 Apulis
773 2799 903 2849 emissum.
920 2802 945 2849 u.
958 2798 1028 2849 Reus
1038 2799 1136 2849 frsrstra
1147 2800 1180 2850 sb
1191 2816 1220 2851 se

151 2879 257 2940 eulpam
269 2880 295 2929 in
303 2880 399 2931 milites
406 2878 575 2941 transformet
585 2877 771 2945 perduellionis
780 2880 918 2945 judicetur
926 2882 1056 2931 ernistum
1064 2882 1219 2948 Tarquinios

155 2957 220 3008 abit.

118 3044 145 3089 4.
162 3039 255 3103 espus
266 3041 351 3091 serius
368 3039 509 3097 obsidetur,
519 3047 548 3090 et
561 3040 678 3105 equitatu
691 3054 795 3105 quoqne
808 3040 928 3107 superior
939 3047 980 3091 est
990 3041 1109 3092 Romanu
1121 3056 1172 3106 res,
1185 3058 1219 3092 ex

153 3134 217 3183 qno,
225 3128 331 3171 auctore
342 3123 376 3174 Q.
389 3122 475 3172 Nerio
481 3125 642 3183 centurione,
650 3122 782 3188 equitibus
791 3123 968 3172 immiscemur
979 3123 1089 3188 pedites,
1095 3125 1220 3174 vehentes

153 3208 215 3263 post
233 3200 301 3260 iiior,
318 3201 443 3267 signoque
461 3201 532 3260 dsto,
553 3202 628 3267 equis
650 3203 795 3266 perniciter
815 3203 974 3253 desilientes.
1006 3209 1031 3252 ὁ.
1043 3202 1218 3253 Romanorum

154 3279 236 3331 duces
252 3290 281 3331 et
293 3282 391 3332 Nerius
407 3281 513 3333 sortiter
533 3290 651 3346 pugnent
669 3297 727 3332 cunr
747 3282 885 3346 Campanis
904 3290 932 3333 st
950 3282 1109 3343 Hsnuibnie‚
1124 3285 1169 3348 qui
1187 3286 1220 3335 iis

153 3361 250 3411 anxilio
260 3370 376 3412 renent.
410 3367 435 3413 6.
450 3362 567 3413 'l'undem
579 3362 678 3413 obsessi
696 3362 824 3427 Poenique
836 3362 978 3428 fugentur:
996 3371 1024 3414 et
1040 3364 1158 3417 ultimum
1169 3367 1220 3416 hoo

151 3442 273 3507 palinus
283 3452 345 3493 suts
355 3442 510 3494 deditionem
522 3445 630 3507 eopse,
639 3443 766 3508 hujusque
778 3430 884 3493 nitimur
897 3452 937 3495 est
955 3444 1142 3496 medixtutious
1153 3446 1219 3510 Sep·

153 3526 212 3590 pios
230 3523 331 3586 Lenius,
341 3524 418 3574 homo
428 3524 563 3589 obsessus,
573 3525 616 3590 qui
632 3538 757 3574 summurn
769 3525 959 3590 magistratum,
969 3526 1001 3576 sb
1012 3527 1129 3576 omuibus
1147 3542 1220 3591 spre-

153 3615 220 3663 torn,
231 3611 347 3669 ceperst.
380 3609 405 3654 7.
422 3605 552 3655 Hnnnibsi
570 3612 656 3655 castro
676 3620 782 3655 morere
800 3620 817 3655 e
836 3606 927 3670 Cspns
947 3606 1040 3657 ststnit
1059 3608 1220 3671 Romamque

153 3697 258 3753 petere,
269 3694 299 3737 ot
307 3685 386 3736 dnoes
397 3686 509 3736 Rotnani
518 3684 551 3736 sd
563 3683 754 3736 defendendum
768 3686 836 3736 hunc
846 3687 934 3736 urbem
949 3688 981 3737 sb
992 3689 1165 3752 oppugnando
1177 3689 1222 3738 lita

153 3767 347 3819 obstrshsutor.
379 3771 404 3818 8.
422 3767 520 3817 Eodem
538 3782 598 3818 eum
616 3768 709 3818 electis
728 3767 854 3817 militibus
873 3767 960 3817 tendit
976 3767 1012 3819 Q.
1028 3768 1136 3819 Fulvius
1145 3769 1221 3819 Fisc-

153 3864 201 3899 cos
217 3848 365 3914 proconsul,
380 3846 451 3899 scm
465 3849 572 3907 sooitos,
586 3849 764 3914 cottegsmqoe
776 3848 891 3913 Appium
907 3848 1044 3898 Claudium
1056 3846 1094 3898 'ex
1111 3849 1220 3899 ruioere

154 3945 255 3994 agrurn
272 3930 404 3980 incurris
418 3929 452 3979 sd
463 3930 579 3994 espusm
591 3930 682 3995 positis
693 3930 824 3996 relinquit.
856 3934 881 3980 9.
899 3929 957 3980 Iter
974 3930 1109 3996 utriusque
1121 3930 1221 3980 descri-

154 4010 236 4070 bitur,
248 4017 276 4060 et
287 4011 377 4073 ingens
389 4016 482 4074 terror,
492 4026 568 4076 qoem
576 4012 682 4062 nuntios
690 4011 857 4075 Fregellanus
866 4012 972 4061 Romsm
983 4008 1068 4060 effert.
1102 4014 1142 4061 1⁰.
1161 4012 1220 4061 rut-

153 4093 211 4141 rios
229 4091 338 4141 Romnsn
350 4092 506 4155 ingreditor,
518 4100 546 4143 et
562 4092 704 4158 Hsuuibni‚
721 4094 822 4143 stetiris
841 4094 872 4143 ud
890 4092 1019 4143 Anienem
1035 4090 1152 4156 fluvium,
1168 4093 1221 4144 tris

152 4174 235 4224 millio
247 4186 369 4237 passuum
389 4172 423 4221 sb
440 4172 525 4235 Urbe,
543 4174 643 4238 positis,
659 4188 719 4225 eom
738 4173 838 4225 duobus
857 4173 974 4238 equitum
992 4172 1103 4223 millibus
1122 4176 1224 4224 moenis

154 4256 284 4321 situmque
297 4256 387 4304 Rome
398 4253 552 4321 obequitsus
562 4256 770 4319 contemplstnrs
789 4255 835 4305 sed
848 4261 1023 4304 murmuretur
1034 4255 1067 4304 ab
1079 4254 1218 4320 equitibus,

154 4352 170 4386 e
189 4336 282 4385 Fulvio
299 4334 427 4399 immissis,
447 4336 575 4401 multique
597 4337 734 4399 tumuitus,
752 4343 851 4386 temere
869 4334 987 4401 excitati,
1005 4336 1221 4399 comprimuntur.

156 4422 196 4467 il.
225 4416 302 4465 Acies
319 4415 457 4465 Posnomm
481 4417 705 4482 Romanorumque
723 4416 762 4467 bis
779 4417 914 4467 instructo
938 4415 1137 4481 tempestatibus
1159 4416 1222 4467 diri·

154 4503 267 4549 suuntur.
301 4497 361 4549 Quo
371 4498 457 4549 omine
468 4498 575 4564 aliisque
587 4498 673 4549 causis
684 4506 769 4549 nrotus
783 4497 918 4549 Hsuuibol
930 4497 962 4548 sd
979 4498 1082 4549 Totiens
1094 4495 1121 4549 fl.
1134 4506 1222 4549 esstrn
