3259 5225
500 566 572 617 urs.
597 566 695 617 xxv.
718 566 802 617 css.
827 549 882 615 38.
1139 550 1227 619 21⁵8
1312 562 1319 581 ¹

123 722 197 783 turn
213 714 365 781 audeatis
379 714 465 781 (luce
480 720 596 779 vestro
615 718 764 779 auctore.
800 709 882 779 Nou
892 711 980 775 enim
993 710 1144 777 hesterno
1158 712 1225 791 die,

123 838 204 883 cnm
220 818 352 901 signnm
374 817 523 901 receptui
544 816 623 881 dedi
644 814 861 899 sequentibus
880 812 986 879 effuse
1000 812 1097 879 robis
1112 817 1228 881 turba·

124 930 201 987 tum
224 921 365 999 bostem,
385 920 535 1002 frangere
557 918 736 984 audaciam
759 922 917 994 vestram,
942 914 1006 981 sed
1031 914 1162 983 differre
1190 918 1227 983 in

124 1022 290 1107 majorem
307 1022 443 1107 gloriam
459 1028 559 1104 atque
580 1020 876 1105 opportunitatem,
893 1018 1005 1097 volni3
1026 1026 1064 1084 ut
1077 1028 1230 1105 postmo-

125 1127 174 1193 slo
190 1124 372 1209 praeparati
382 1126 546 1201 incantos,
561 1122 679 1189 armati
691 1122 846 1199 inermes,
858 1122 1071 1204 etqneetiam
1083 1124 1230 1207 sopitos,

125 1248 190 1313 per
213 1226 425 1295 occasionem
451 1226 585 1309 aggredi
611 1224 768 1309 possetis.
814 1224 891 1289 Nec
910 1224 1013 1309 hujus
1038 1226 1231 1291 occasionis

127 1350 238 1413 spem,
261 1329 395 1405 milites,
418 1328 503 1395 torte
518 1336 653 1405 temere,
668 1326 727 1393 sed
745 1346 790 1393 ex
806 1328 935 1411 reipsa
954 1335 1156 1413 conceptam
1171 1328 1231 1393 ba·

127 1433 203 1497 beo.
251 1429 285 1495 A
308 1430 407 1497 uobis
432 1449 567 1515 quoqne
587 1428 738 1515 prolecto
763 1431 806 1495 si·
819 1431 894 1512 quis
916 1436 1056 1513 quaerat,
1080 1450 1231 1515 quonam

126 1533 232 1599 modo
247 1534 350 1617 pauci
367 1552 388 1597 a
403 1534 529 1611 multis,
544 1534 626 1599 uicti
642 1552 664 1599 e
684 1533 873 1599 victoribus
893 1540 1006 1599 castra
1019 1534 1119 1599 tutati
1134 1535 1231 1615 sitis3

127 1636 213 1701 nibil
227 1634 320 1700 alind
337 1635 581 1719 respondeatis,
596 1654 699 1720 qnam
721 1634 754 1699 id
772 1636 885 1719 ipsum
899 1636 1058 1701 timentes
1072 1656 1137 1703 vos
1160 1655 1231 1701 om·

128 1738 188 1805 nia
202 1746 237 1803 ct
251 1738 408 1823 operibus
424 1736 552 1803 firmata
568 1737 736 1813 babuisse,
750 1742 784 1801 et
800 1737 899 1822 ipsos
909 1746 1068 1821 paratos‘¹
1088 1740 1232 1805 instruc-

130 1848 252 1925 tosque
267 1840 384 1905 tuisse.
428 1838 531 1907 Etita
544 1860 582 1905 se
599 1860 654 1905 res
668 1838 789 1905 habet:
813 1840 857 1905 ad
871 1841 916 1917 id,
930 1840 1035 1924 quod,
1057 1860 1099 1907 ne
1115 1842 1233 1907 timea-

129 1947 195 2021 mr,
212 1942 451 2020 fortunatacit,
475 1942 610 2007 minime
627 1942 687 2009 tnti
703 1950 781 2007 sunt
803 1940 955 2007 homines
970 1951 1005 2024 3⁹
1026 1944 1119 2027 quia,
1143 1942 1235 2026 qnod

130 2043 332 2127 neglexeris,
359 2044 532 2110 incautum
553 2048 653 2127 atque
676 2050 833 2126 apertum
856 2042 1010 2109 nausees
1051 2045 1147 2111 Nihil
1163 2064 1235 2109 om·

130 2146 223 2209 nium
244 2165 332 2211 nnnc
355 2146 465 2211 miuus
481 2150 628 2213 metuunt
651 2146 779 2223 hostes,
800 2165 905 2229 qnam
921 2166 962 2211 ne
979 2148 1112 2213 obsessi
1128 2148 1234 2213 modo

132 2248 201 2331 ipsi
221 2254 322 2333 etque
341 2248 530 2333 oppugnati
551 2258 664 2315 castra
685 2268 750 2315 sne
770 2250 857 2316 ultro
874 2270 1117 2334 oppugnemus.
1162 2248 1237 2313 Au·

133 2350 288 2429 deumne,
300 2351 392 2435 quod
408 2350 498 2417 credi
512 2370 579 2417 non
595 2357 708 2434 potest
723 2370 866 2418 ausuros
880 2370 955 2417 nos.
977 2352 1030 2417 Eo
1043 2352 1236 2437 ipso,quod

133 2452 365 2519 difficillimum
382 2454 522 2533 videtur,
537 2454 737 2521 facillimum
755 2457 875 2521 ¹⁰erit.¹
895 2455 1011 2521 Tertia
1020 2454 1139 2537 uigilis
1154 2474 1238 2519 noc·

132 2556 177 2622 tis
193 2556 311 2622 silenti
327 2556 457 2639 agmine
470 2557 592 2626 ducam
607 2576 680 2624 vos.
723 2556 947 2642 Exploratum
963 2559 1083 2636 babeo,
1106 2576 1171 2624 non
1187 2556 1239 2623 ui-

134 2659 291 2740 giliarum
315 2658 475 2737 ordinem,
499 2679 565 2724 uon
593 2659 754 2724 stationes
774 2660 894 2744 justas
921 2679 1005 2725 esse.
1049 2660 1185 2726 Clamor
1203 2659 1239 2722 in

135 2761 245 2844 portis
260 2760 395 2826 auditus
409 2771 443 2826 et
457 2762 588 2845 primus
603 2763 750 2848 impetus
775 2769 890 2830 castre
905 2763 1043 2847 ceperit.
1085 2761 1240 2830 Tumin·

136 2868 185 2926 ter
199 2862 352 2946 torpidos
365 2872 726 2952 somnopsveutesqne
740 2866 784 2930 sd
799 2867 1035 2950 necopinatum
1050 2865 1239 2940 tumultum,

137 2973 172 3031 et
184 2967 327 3032 inermes
343 2967 376 3030 in
391 2966 557 3032 cubilibus
578 2970 651 3034 suis
674 2989 869 3054 oppressos,
885 2969 944 3033 illa
965 2967 1080 3033 caedes
1107 2965 1239 3042 edatur,

138 3087 243 3154 aque
256 3088 318 3132 vos
334 3067 489 3134 hesterno
506 3069 561 3136 die
577 3079 750 3136 revocatos
766 3091 853 3155 segre
864 3071 1033 3136 terebatis.
1078 3067 1170 3140 Scio,
1181 3085 1242 3132 an·

138 3172 209 3237 dax
222 3171 329 3236 videri
346 3171 544 3237 consilium:
567 3173 625 3238 sed
641 3173 675 3236 in
689 3175 792 3240 rebus
802 3174 931 3260 asperis
943 3181 979 3236 et
994 3171 1085 3237 tenui
1100 3190 1162 3256 spe
1175 3171 1240 3235 ior·

138 3275 272 3339 tissime
284 3281 307 3312 ¹¹
331 3292 475 3359 qnaeqne
489 3274 633 3339 consilia
647 3275 819 3340 tutissima
842 3283 938 3358 sunt3
961 3275 1055 3361 quia,
1070 3274 1102 3338 si
1123 3273 1159 3336 in
1184 3292 1243 3338 oc·

139 3377 289 3442 cesionis
303 3383 483 3454 momento,
509 3376 607 3460 cnjus
630 3378 847 3460 praetervolat
866 3377 1118 3466 opportunitas,
1141 3393 1244 3442 cunc·

139 3485 229 3548 tatus
244 3481 383 3566 paulum
398 3477 515 3556 fueris,
529 3481 751 3564 nequicquam
769 3500 852 3546 mox
872 3481 1032 3548 omissam
1047 3479 1245 3562 quoeras.¹²⁸

173 3639 185 3674 t
203 3629 320 3680 Mortales
329 3645 413 3694 persar
421 3629 517 3694 menidi
531 3635 556 3678 et
572 3629 607 3678 sic
624 3644 709 3692 purum
723 3631 801 3680 securi
811 3625 867 3681 sest
884 3633 997 3683 edeam
1006 3645 1035 3680 es
1044 3641 1145 3692 qum
1156 3631 1245 3676 mtto·

133 3699 239 3813 w
249 3697 353 3760 ipserum
362 3709 467 3760 presens
478 3695 582 3745 ererttt:
599 3695 710 3760 pean
720 3711 802 3746 ccum
817 3712 846 3746 uc
862 3701 943 3761 tegere
960 3713 1028 3748 sm
1040 3694 1107 3748 sold,
1117 3693 1179 3756 quod
1189 3706 1245 3740 eos·

143 3951 207 4002 llos
222 3949 287 4000 Edd.
298 3959 357 4016 post
367 3951 496 4018 principp.
508 3949 540 4000 sd
553 3951 636 4002 Drslr.
648 3952 689 4015 psi
698 3965 746 4014 pro
755 3950 828 4016 quta:
853 3951 1002 4002 Strotb.—9
1021 3949 1082 3999 Vct.
1094 3945 1138 3998 lib.
1150 3959 1194 4010 sp.
1204 3945 1247 3996 Si·

143 4031 244 4078 gemm.
254 4017 318 4065 cnuti
327 4033 346 4065 s.
357 4017 446 4065 te-ro
458 4016 728 4080 Mreeprtmiseeitiss,
738 4015 829 4080 probb.
839 4015 866 4066 J.
877 4017 907 4065 F.
917 4013 1032 4064 Gronov,
1043 4021 1070 4062 et
1079 4012 1246 4062 Strotb.-ll

144 4085 180 4132 Et
191 4081 299 4133 tentibus
306 4081 444 4140 sortium
459 4081 524 4132 Edd.
538 4091 599 4132 ente
619 4081 761 4133 Grnt-ssll
777 4081 900 4132 smum
909 4094 1001 4144 quares
1011 4077 1125 4128 Gronov.
1136 4076 1247 4142 nuujsr.

641 4203 749 4255 Nom

21 4313 25 4382 ι
178 4309 191 4344 t
210 4301 244 4350 m
261 4299 324 4364 ipsu
341 4299 450 4364 meter]
467 4301 520 4352 Vos
531 4315 624 4366 nempe
637 4301 674 4366 ip·
747 4301 894 4350 ⁸0mimm
916 4295 1051 4363 [mm]
1072 4295 1178 4362 wer]
1203 4297 1248 4348 lta

22 4435 23 4446 1
142 4393 195 4430 sos.
715 4377 783 4427 torte
795 4377 886 4426 mellus
901 4389 935 4424 ex
952 4374 1092 4438 fligenlrno
1106 4380 1134 4422 et
1150 4373 1248 4424 Putes·

22 4449 23 4452 ’
179 4457 358 4506 'Freillbnssr
368 4455 428 4518 erit]
442 4453 608 4518 AliiJocilisr.
714 4467 757 4518 so,
769 4452 1090 4520 qonmntrnlgosm'sm
1098 4451 1215 4516 meria

22 4457 27 4604 ι
214 4538 300 4604 Delplr.
311 4545 334 4589 et
347 4538 406 4589 Ver.
418 4539 482 4587 ctas.
654 4536 748 4589 binius.
1123 4535 1139 4582 7
1159 4531 1182 4579 Β

26 4783 29 4884 1

28 4935 40 5192 l
