3259 5225
407 574 494 641 2094
882 588 917 638 r.
943 586 1036 639 urvrr

408 734 497 800 dinis
513 732 661 801 adducta
675 754 729 801 res
743 742 807 814 est,
823 727 870 815 ut,
886 754 1099 823 quocumque
1113 733 1222 802 noctis
1236 742 1385 821 ternpore
1399 736 1504 802 sibilo

408 836 557 903 dedisset
572 836 712 921 signum,
727 846 825 923 porta
845 841 1033 923 aperiretur,
1050 850 1182 923 tempus
1197 838 1333 923 agendae
1347 840 1393 904 rei
1407 840 1504 905 Han-

406 938 514 1004 nibali
529 940 638 1003 visum
653 945 715 1003 est
757 938 876 1005 Tridui
897 941 986 1006 viam
996 947 1021 989 ¹⁵
1044 942 1179 1007 aberat:
1201 941 1272 1013 ubi,
1297 961 1366 1025 quo
1389 942 1502 1006 minus

304 1056 307 1061 ’
406 1044 527 1107 mirum
548 1046 642 1106 esset
662 1061 731 1106 uno
747 1042 933 1127 eodemque
955 1044 1033 1107 loco
1054 1044 1181 1109 stativa
1198 1062 1274 1108 eum
1295 1044 1422 1110 tamdiu
1442 1043 1505 1107 ba-

408 1143 495 1221 bere,
511 1162 635 1227 oegrum
649 1144 837 1209 simulabat.
880 1143 1048 1210 Romanis
1063 1164 1207 1229 quoque,
1221 1146 1279 1229 qui
1294 1144 1331 1208 in
1346 1145 1505 1229 praesidio

408 1244 550 1311 Tarenti
565 1252 670 1319 erant,
684 1252 844 1330 suspecta
859 1265 936 1311 esse
947 1246 1020 1331 Jam
1035 1246 1149 1329 segnis
1163 1266 1253 1312 mora
1266 1249 1340 1331 ejus
1349 1248 1506 1312 desierat.

451 1346 484 1411 9.
506 1344 660 1412 Ceterum
683 1356 864 1431 postquam
889 1347 1072 1413 Tarentum
1100 1350 1149 1413 ire
1178 1350 1363 1428 constituit,
1389 1350 1507 1415 decern

409 1448 559 1514 millibus
571 1448 718 1533 peditum
735 1456 836 1534 atque
848 1450 1006 1534 equiturn,
1020 1470 1106 1535 quos
1118 1452 1153 1515 in
1169 1451 1384 1536 expeditione
1395 1450 1422 1492 ¹⁶
1448 1472 1507 1515 ve·

409 1550 552 1616 locitate
579 1571 755 1636 corporum
785 1570 827 1616 ac
857 1552 994 1617 levitate
1018 1571 1183 1617 armorum
1211 1552 1406 1637 aptissimos
1430 1573 1509 1619 esso

408 1660 499 1719 retus
515 1665 578 1728 est,
594 1656 719 1732 electis,
732 1661 855 1739 quarta
881 1654 995 1737 vigilia
1019 1655 1131 1719 noctis
1151 1654 1247 1737 signa
1271 1657 1398 1721 movit:
1420 1675 1508 1739 prae-

408 1757 588 1841 missisque
616 1758 790 1839 octoginta
811 1757 881 1821 scre
906 1756 1064 1822 Numidis
1080 1757 1250 1842 equitibus
1273 1758 1448 1843 praecepit,
1469 1766 1510 1824 ut

410 1858 632 1924 discurrerent
646 1860 738 1925 circa
765 1861 840 1924 vias
862 1860 1164 1945 perlustrarentque
1189 1862 1302 1926 omnia
1326 1861 1447 1939 oculis,
1468 1881 1511 1926 ne

410 1960 488 2044 quis
515 1962 691 2044 agrestium
718 1962 834 2045 procul
857 1970 1031 2046 spectator
1054 1963 1196 2046 agminis
1220 1963 1392 2044 fallerent
1423 1981 1513 2046 prae·

411 2081 544 2147 gressus
557 2071 582 2113 ¹⁷
604 2063 814 2144 retraherent,
828 2065 949 2130 obvios
964 2065 1164 2145 occiderent,
1178 2074 1216 2132 ut
1228 2065 1425 2150 prredonum
1438 2084 1512 2129 ma·

411 2165 474 2249 giS,
501 2185 603 2249 quam
626 2167 803 2245 exercitus,
829 2168 957 2233 accolis
979 2168 1111 2253 species
1136 2172 1237 2234 essct.
1279 2169 1373 2252 Ipse,
1386 2167 1511 2253 raptim

411 2269 540 2351 agmine
556 2266 675 2347 acto,¹⁸
698 2269 886 2354 quindecim
900 2270 1002 2335 ferme
1028 2268 1169 2335 millium
1194 2270 1309 2354 spatio
1333 2278 1444 2335 castra
1465 2272 1513 2335 ab

410 2368 559 2435 Tarento
573 2372 705 2453 posuit3
719 2380 765 2450 et,
776 2392 819 2437 ne
834 2373 883 2438 ibi
892 2373 1026 2458 quidem
1038 2374 1292 2457 nuntiaturque
1302 2380 1515 2457 pergerent,¹⁹

411 2477 541 2536 tantum
555 2482 762 2539 convocatos
775 2474 897 2540 milites
911 2477 1050 2551 monuit,
1066 2476 1124 2539 via
1136 2487 1253 2540 omnes
1268 2476 1366 2553 irent,
1377 2495 1439 2539 nac
1453 2474 1515 2539 da-

411 2574 500 2639 rerti
515 2594 717 2660 quenquam,
733 2582 790 2641 aut
806 2576 972 2642 excedere
987 2576 1135 2641 ordinem
1151 2576 1291 2660 agminis
1307 2583 1514 2661 paterentur,

411 2682 446 2743 et
463 2679 617 2762 inprimis
633 2679 752 2744 intenti
771 2680 817 2745 ad
832 2681 974 2764 imperia
989 2678 1188 2763 accipienda
1201 2687 1326 2756 essent,
1340 2698 1406 2744 neu
1428 2681 1515 2764 quid

412 2781 480 2844 nisi
496 2781 618 2846 ducum
628 2781 729 2866 jussu
748 2782 911 2847 iacerent:
934 2801 971 2847 se
984 2783 1019 2846 in
1035 2788 1185 2865 ternpore
1202 2781 1411 2860 editurum,²⁰
1433 2803 1515 2867 quea

412 2883 511 2948 vellet
525 2885 591 2966 agi.
634 2883 760 2949 Eadem
774 2884 876 2949 ferme
891 2886 975 2951 bora
988 2884 1173 2950 Tarentum
1196 2885 1288 2950 sama
1302 2893 1517 2968 pervenerat,

413 2984 582 3050 Numidas
599 2987 729 3070 equites
749 3006 877 3070 paucos
895 2986 1051 3071 populari
1070 3005 1182 3069 agros,
1203 2992 1425 3071 terroremque
1444 2987 1517 3052 late

415 3088 605 3170 agrestibus
622 3087 791 3173 injecisse.
835 3087 892 3155 Ad
908 3109 1005 3173 quem
1028 3089 1179 3155 nuntium
1201 3087 1284 3153 nibil
1306 3089 1392 3154 ultra
1406 3096 1519 3156 motus

413 3189 596 3274 praelectus
612 3190 799 3269 Romanus,
816 3212 918 3275 quarn
933 3199 971 3257 ut
986 3199 1112 3276 partem
1127 3192 1279 3276 equiturn
1302 3199 1441 3276 postero
1461 3191 1521 3256 die

414 3292 492 3358 luce
506 3293 612 3375 prima
623 3294 758 3378 juberet
772 3295 867 3359 exire
883 3294 928 3359 ad
944 3294 1124 3359 arcendum
1139 3295 1415 3378 populationibus
1435 3293 1521 3359 bos-

416 3399 494 3458 tem.
538 3393 581 3458 In
597 3404 711 3460 cetera
726 3396 811 3461 adeo
826 3395 908 3461 nibil
920 3397 966 3460 ob
978 3395 1011 3460 id
1027 3397 1155 3461 intenta
1168 3403 1334 3474 curaest,¹
1347 3404 1522 3462 utcontra

416 3514 478 3579 pro
499 3503 687 3580 argumento
707 3498 805 3564 luerit
824 3499 882 3564 illa
902 3500 1113 3584 procursatio
1131 3499 1365 3576 Numidarum,
1385 3497 1522 3563 Hanni-

418 3745 427 3789 Ι
449 3683 464 3718 ¹
482 3674 522 3724 Ne
531 3675 674 3724 rusticorum
686 3677 739 3742 qrrir
750 3677 844 3736 lateret
856 3677 898 3742 qrri
906 3681 1076 3740 aalma
1084 3676 1163 3740 ceptus
1172 3676 1318 3740 elorgirqrro
1327 3681 1390 3727 erret
1398 3673 1526 3739 0⁰¹¹?er

431 3755 466 3790 υ.

883 3819 1053 3844 ΝΜΙΝΜ

417 3917 490 3969 rubr.¹
508 3919 683 3983 Ruperu-ld
706 3921 753 3970 Vir
764 3919 832 3971 Edd.
844 3927 906 3972 rute
918 3923 1036 3976 Gronov.

451 3989 482 4034 16
499 3985 574 4050 Conj.
586 3985 698 4048 Rupert.
711 3986 738 4034 ic
749 3987 996 4050 expeditiorem-1⁷
1013 3987 1056 4037 ΑΙ.
1065 3986 1276 4049 perarma—rs
1293 3984 1368 4034 Furto
1379 3983 1446 4036 Edd.
1457 3993 1529 4036 ante

418 4049 601 4101 Gronau-ro
620 4051 673 4107 Quo
687 4057 796 4114 pergent
817 4055 918 4102 emend.
939 4053 1092 4104 Perire-2⁰
1110 4049 1186 4112 eonj.
1205 4048 1332 4112 Dcering.
1344 4049 1530 4100 eduma.—

419 4119 433 4163 l
451 4123 457 4144 ¹
470 4113 578 4164 Horten.
605 4115 700 4165 Interea
709 4119 766 4164 odeo
776 4115 839 4166 ertit
848 4117 982 4168 obedienter
992 4122 1100 4167 amram
1116 4120 1152 4163 ert
1171 4112 1240 4162 Edd.
1259 4123 1320 4163 aute
1339 4114 1455 4164 Gronov.
1475 4117 1530 4179 qni

418 4179 455 4243 id,
466 4179 535 4244 quod
547 4193 615 4230 nnnc
630 4187 682 4244 ert,
697 4181 791 4245 partim
802 4195 836 4231 ex
847 4183 976 4233 Mrtorurn
989 4180 1114 4245 vestigiis,
1125 4179 1218 4243 partim
1229 4192 1263 4227 ex
1275 4179 1356 4243 tripuli
1368 4179 1531 4243 conjectura

913 4321 1025 4374 Now

451 4419 463 4465 t
481 4413 613 4477 Nuntiato]
633 4413 686 4464 Aut
697 4415 835 4480 legendnm
845 4433 949 4483 procur·
989 4413 1240 4482 Potybturrtham.
1251 4425 1275 4463 e.
1285 4415 1327 4466 ²⁰.
1343 4414 1428 4464 utitur
1438 4416 1533 4469 verbo

419 4491 488 4555 tinto,
506 4501 550 4542 aut
567 4491 635 4542 idern
653 4499 690 4543 ert
701 4492 811 4558 simplex
830 4497 947 4549 nuntiato.
987 4487 1277 4556 memacterion.
