3259 5225
403 508 492 577 mot
877 524 914 576 r.
937 523 1033 575 urvu
1127 572 1133 583 ,

405 658 474 757 quo
488 690 549 737 uec
568 668 709 749 ioedere,
724 690 786 735 uec
801 670 909 754 eequis
928 670 1058 753 lembus
1069 671 1264 756 jungeretur
1275 675 1515 753 amicitiamn

404 777 498 860 prius
517 774 659 859 irnperio
682 774 718 838 in
741 792 817 837 euru
837 780 999 856 tanquam
1023 784 1183 858 pacatum
1202 776 1264 851 uti,
1278 796 1379 861 quam
1395 780 1515 845 omnis

405 875 520 943 diviua
534 877 748 960 humanaque
765 874 961 955 dedidisset,
976 877 1112 942 obsides
1127 879 1272 963 accepti,
1286 900 1379 945 arma
1394 881 1515 946 adem·

404 986 451 1058 te,
462 978 620 1065 praesidia
634 979 773 1044 urbibus
788 978 948 1061 imposita
962 978 1082 1043 forent.
1120 978 1251 1065 Scipio,
1265 981 1379 1047 multis
1393 982 1513 1049 invec-

405 1088 462 1146 tus
483 1080 518 1146 in
532 1086 728 1166 proruentem
740 1080 963 1145 Mandonium
987 1081 1228 1165 absentemque
1240 1080 1417 1147 Indibilem
1436 1103 1514 1149 ver·-

299 1224 305 1235 ·
403 1184 470 1261 bis,
483 1188 493 1219 ‘
504 1183 585 1249 illos
605 1183 740 1269 quidem
751 1183 871 1247 merito
893 1182 1023 1266 perisse
1037 1184 1186 1267 ipsorum
1197 1190 1224 1234 ¹⁹
1235 1184 1424 1262 malelici0‚'
1439 1188 1513 1269 ait3

406 1289 575 1353 ‘victuros
591 1306 652 1352 suo
668 1292 766 1370 etque
781 1285 902 1370 popull
918 1284 1065 1367 Romani
1078 1284 1255 1350 beneficio.
1300 1284 1454 1355 Ceterum
1469 1308 1512 1355 se

405 1408 515 1473 neque
533 1390 686 1455 arnualis
703 1389 927 1465 ademturum,
942 1390 1087 1473 (quippe
1103 1408 1148 1454 ea
1160 1388 1300 1471 pignora
1319 1390 1512 1456 timentium

406 1492 627 1558 rebellionem
654 1512 745 1575 esse,
772 1510 811 1557 sc
840 1491 948 1555 libere
973 1508 1066 1555 arma
1100 1491 1283 1573 relinquere
1310 1490 1511 1577 solutosque

405 1605 500 1660 metu
516 1593 677 1679 animoa)
687 1614 797 1680 usque
807 1601 838 1633 ¹⁰
852 1614 890 1659 se
900 1596 933 1658 in
949 1594 1088 1659 obsides
1098 1594 1264 1670 innoxios,
1279 1593 1339 1658 sed
1352 1594 1387 1657 iu
1398 1596 1513 1680 ipsos,

406 1698 435 1762 si
458 1696 652 1775 defecerint,
674 1698 883 1769 seriturum,
913 1715 976 1761 nec
1006 1697 1050 1761 ab
1076 1696 1205 1773 inormi,
1228 1696 1288 1761 sed
1314 1698 1357 1761 ab
1377 1704 1511 1764 armato

404 1798 512 1877 hoste,
535 1819 654 1883 poenas
673 1799 911 1883 expetiturum.
954 1797 1139 1883 Utramque
1161 1798 1333 1864 fortunam
1354 1802 1511 1884 expertis

405 1903 598 1987 permittere
614 1922 704 1979 sese,
719 1909 829 1967 utrum
845 1902 1025 1987 propitios,
1041 1922 1084 1965 eu
1104 1902 1225 1978 iratos,
1239 1901 1364 1966 habere
1381 1900 1510 1969 Roma·

406 2023 468 2068 nos
488 2004 648 2069 mallent.’
692 2005 749 2070 lta
767 2004 928 2069 dimissus
948 2003 1176 2085 Mandonius3
1200 2006 1340 2087 pecunia
1363 2011 1512 2072 tautum·

405 2106 510 2171 modo
526 2108 700 2191 imperata,
709 2128 752 2173 ex
763 2128 833 2191 qua
845 2108 1052 2194 stipendium
1062 2116 1073 2148 ¹
1084 2108 1181 2173 militi
1191 2106 1202 2143 ¹
1211 2108 1366 2192 praestari
1380 2118 1512 2192 posset.

405 2204 499 2293 Ipse,
521 2210 652 2275 Marcio
672 2211 708 2274 in
732 2210 920 2276 ulteriorem
944 2209 1150 2294 Hispaniam
1171 2210 1363 2293 praemisso,
1389 2211 1511 2279 Sileno

404 2312 630 2379 Tarraconem
642 2314 797 2392 remisso,
813 2331 943 2396 paucos
957 2318 1106 2377 moratus
1118 2312 1203 2389 dies,
1218 2310 1298 2375 dum
1311 2312 1511 2396 imperatam

404 2418 585 2505 pecuniam
612 2418 776 2501 Ilergetes
806 2423 1085 2501 pernumerarent,
1116 2437 1194 2495 cum
1216 2418 1388 2500 expeditis
1413 2420 1509 2485 Mar·

405 2522 492 2587 cium
504 2522 577 2605 Jam
590 2516 919 2606 'appropinquantem
933 2538 1061 2585 oceano
1076 2521 1276 2604 assequitur.

448 2627 503 2690 35.
525 2625 690 2691 luohoata
718 2643 772 2689 res
797 2623 871 2707 jem
895 2629 972 2688 aute
995 2623 1039 2687 de
1067 2621 1278 2688 Masinissa·
1298 2623 1377 2688 aliis
1403 2634 1509 2711 etque

405 2727 482 2791 aliis
498 2725 541 2792 de
565 2727 678 2793 causis
693 2725 800 2794 dilate
821 2731 903 2804 erat,
919 2725 1009 2808 quod
1025 2723 1177 2789 Numida
1198 2745 1274 2790 oum
1296 2727 1374 2811 ipso
1393 2729 1511 2812 utique

405 2826 563 2913 congredi
579 2831 741 2914 Scipione
757 2828 902 2904 volebat,
917 2834 1019 2911 atque
1033 2827 1109 2911 eJ'us
1122 2826 1241 2893 dextra
1254 2827 1356 2893 tidem
1366 2831 1510 2903 sancire,

405 2931 458 2996 Ee
483 2940 553 2998 tum
577 2934 706 2999 itineris
730 2938 798 2998 tam
820 2931 912 3014 longi
933 2950 974 2995 ac
995 2938 1066 2996 tam
1090 2929 1204 2996 devii²
1226 2949 1332 2996 causa
1352 2931 1511 3016 Scipioni

860 3126 1043 3148 ”m

405 3257 457 3296 uon
470 3245 550 3295 semel
562 3245 624 3295 slilsi
636 3245 733 3298 livius.
765 3245 844 3296 Nouo
857 3249 944 3293 temen
954 3241 1017 3301 Pol.
1028 3242 1141 3296 Csetsb.
1150 3241 1225 3294 Voss.
1234 3244 1424 3307 pssum-ll
1439 3245 1510 3300 ΕΜ,

406 3323 469 3362 suso
481 3311 564 3360 Grou.
574 3311 786 3374 periturosfss'sss.
821 3309 901 3359 Cres.
912 3308 1021 3373 perlisse.
1049 3308 1113 3357 Mox
1124 3311 1182 3358 ‘sso
1191 3317 1253 3362 sule
1264 3309 1369 3373 ipsum
1379 3313 1511 3364 excidisse

405 3376 474 3439 conj.
493 3374 571 3425 Dulr!
590 3375 760 3439 Rupere—2⁰
776 3373 967 3424 ‘Psreutlreslu
983 3388 1035 3423 nou
1047 3389 1106 3422 enm
1119 3373 1203 3424 Drsk.
1215 3384 1275 3438 post
1292 3376 1384 3425 ssim
1395 3377 1511 3434 demum,

405 3441 454 3491 sed
467 3448 586 3502 postesse
597 3440 692 3490 elensi:
713 3454 760 3503 pro
776 3441 887 3489 stlitem
898 3447 994 3501 sutem,
1005 3438 1073 3503 quod
1083 3437 1204 3489 exlrlbnlt
1214 3439 1300 3488 Drsk.
1313 3442 1433 3490 resocssl
1444 3443 1510 3493 Cre-

291 3526 295 3534 ·
405 3507 480 3555 sierii
492 3515 519 3554 st
534 3505 641 3555 eliorum
652 3506 801 3564 lectionem,
817 3506 859 3554 sed
877 3504 961 3565 litero,
973 3505 1042 3569 quod
1059 3504 1194 3568 postnlsre
1209 3505 1313 3555 omnluo
1332 3507 1435 3556 ridetur
1451 3522 1510 3559 ors·

405 3571 482 3620 tionis
501 3572 672 3658 concinuisse,
688 3585 744 3620 eum
766 3572 809 3621 sed
823 3569 972 3646 hioloeque,
996 3577 1075 3646 etque
1094 3571 1121 3619 iu
1137 3570 1317 3636 sequentibus,
1331 3572 1450 3650 viaeque
1469 3589 1511 3624 rs.

404 3634 1511 3776 tulitinPis’tttr:tlt‘llmustrtrltttiltt{tertul

407 3765 619 3893 ἔῖῗξῐιοέξη
620 3765 737 3896 31:3¹⁸
749 3767 815 3816 Mes.
826 3765 982 3829 presidum
998 3764 1067 3814 nnds
1075 3762 1146 3814 l'orte
1157 3765 1209 3830 leg.
1219 3765 1349 3830 rmum,
1361 3781 1398 3816 sc·
1408 3768 1510 3834 stipen-

900 3939 1009 3994 ΝΟΜ

439 4043 447 4074 l
463 4043 506 4092 Es
516 4057 563 4108 qus
578 4041 722 4106 stipendisss
737 4040 824 4104 sediti]
840 4041 874 4091 Iu
889 4055 936 4106 op·
975 4047 1003 4090 et
1012 4040 1152 4105 praesidtsss
1162 4039 1196 4090 de
1207 4039 1321 4090 vestibus
1336 4039 1445 4107 ullisque
1461 4043 1510 4093 mi·

406 4119 476 4168 timis
495 4119 619 4183 scriptum
631 4125 682 4174 est,
693 4132 724 4167 ers
737 4133 783 4182 que
798 4118 938 4182 presidium
976 4117 1051 4167 lirum
1062 4116 1203 4167 commodis
1214 4117 1324 4181 intelllgi
1334 4119 1396 4168 uilril
1408 4126 1489 4170 sstst.

404 4197 494 4246 suut:
510 4194 715 4246 iuchrouosio
731 4195 803 4245 seuit
821 4196 846 4244 ln
866 4185 937 4244 menss
1010 4193 1079 4244 'Do
1093 4193 1239 4258 Masinissa]
1266 4194 1437 4245 Concilisudo
1456 4197 1509 4247 Ro·

406 4277 469 4332 tero,
479 4285 510 4320 es
525 4285 572 4336 pse
587 4271 708 4321 residuus
724 4271 799 4320 suiliti
817 4271 937 4334 prestari
976 4269 1068 4333 mauis,
1078 4270 1146 4333 quod
1158 4269 1306 4321 inchoatum
1315 4268 1404 4320 lucret
1418 4269 1509 4322 metris

405 4347 497 4409 possit,
526 4356 556 4397 ut
587 4348 756 4398 subaudiatur
780 4347 935 4412 stipendiaris,
975 4346 1155 4399 lllloresuisso.

406 4421 479 4488 quod·
487 4421 573 4472 sdhus
584 4421 706 4474 militibus
713 4423 876 4475 debsbstnr:
888 4423 934 4473 sed
