3259 5225
371 527 459 597 2416
837 544 875 594 r.
897 546 995 595 urvrr

374 689 540 757 Consules
555 708 600 756 ex
615 694 750 757 senatus
764 690 924 759 consulto
936 690 1126 769 edixerunt,
1140 696 1191 769 ut,
1206 690 1266 775 qui
1279 690 1372 757 cives
1386 690 1470 758 Gre·
1526 720 1538 733 ·

373 812 552 860 monenses
582 802 687 879 atque
710 794 899 861 Placentini
921 800 1047 871 esseut,
1069 802 1151 860 aute
1172 800 1296 859 certam
1320 794 1409 859 diam
1431 796 1469 859 in

373 897 525 962 colonias
550 906 798 963 reverterentur.
843 896 1017 981 Principio
1036 896 1158 962 deinde
1170 896 1260 961 veris
1279 903 1315 962 et
1334 896 1404 981 ipsi
1423 896 1470 962 acl

373 999 497 1065 bellum
514 1000 654 1083 profecti
670 1005 760 1066 sunt.
803 998 851 1080 Q.
865 998 1023 1065 cncilins
1038 997 1159 1064 consul
1173 998 1359 1063 exercitum
1373 998 1472 1065 abc.

375 1102 523 1180 Nerone,
544 1100 585 1165 L.
606 1100 765 1167 Veturius
790 1102 835 1168 ab
859 1100 904 1181 Q.
926 1101 1071 1168 Claudio
1095 1106 1302 1185 propraetore
1326 1101 1473 1186 aceepit,

373 1203 540 1288 novisque
554 1203 730 1282 militibus,
745 1223 831 1288 quos
845 1204 922 1289 ipse
932 1204 1189 1288 conscripserat,
1203 1202 1386 1287 supplerit.
1430 1202 1473 1267 ln
1550 1186 1557 1201 ’

376 1305 613 1371 Consentinum
634 1323 748 1388 agrum
764 1305 924 1371 consules
937 1307 1121 1371 exercitum
1134 1304 1308 1383 duxeruut,
1326 1304 1475 1391 passim·

375 1428 439 1492 que
453 1406 658 1491 depopulati,
670 1426 747 1473 cum
761 1426 881 1491 agmen
893 1407 967 1491 jam
977 1427 1076 1491 grave
1088 1406 1203 1491 praeda
1214 1414 1317 1487 esset,
1332 1406 1366 1471 in
1380 1406 1475 1471 saltu

375 1517 518 1591 angusto
528 1528 556 1575 a
571 1509 712 1575 Bruttiis
726 1509 1044 1595 iaculatoribusque
1059 1511 1092 1577 N
1093 1510 1218 1576 umidis
1231 1510 1355 1575 turbati
1367 1516 1475 1585 suut,²

375 1613 423 1677 ita
448 1618 488 1677 ut
510 1630 574 1675 nou
599 1611 728 1693 prada,
748 1612 810 1677 sed
828 1615 948 1678 armati
970 1633 1106 1697 quoqne
1119 1614 1154 1678 iu
1173 1612 1324 1697 periculo
1343 1612 1476 1677 inerint.

377 1714 492 1796 Major
518 1723 628 1779 tamen
654 1713 827 1791 turnultus,
851 1733 955 1798 quarn
977 1733 1099 1798 pugna,
1119 1714 1205 1796 fuir;
1237 1721 1273 1779 et
1297 1712 1477 1797 praemissa

377 1814 517 1900 praeda,⁸
538 1818 720 1882 incolomes
735 1822 769 1882 et
782 1818 933 1899 legiones
947 1820 983 1883 in
1004 1818 1082 1884 loca
1099 1824 1171 1885 tuta
1190 1826 1359 1883 euasere.⁹
1388 1817 1475 1882 lnde

376 1920 412 1983 in
428 1918 583 1984 Lucanos
597 1920 748 2002 proiecti.
793 1920 845 1985 Ea
858 1922 930 1987 sine
948 1923 1125 1987 certamine
1140 1930 1214 1987 tota
1227 1940 1308 2004 gens
1321 1922 1357 1985 in
1371 1921 1476 1986 ditio·

378 2040 453 2085 nem
469 2022 588 2104 populi
603 2020 751 2087 Romani
766 2024 879 2090 rediit.
1390 2006 1398 2017 ⁵

422 2122 475 2187 12·
498 2120 583 2187 Cum
597 2121 792 2189 Hannibale
813 2124 896 2189 nibil
908 2144 951 2189 eo
964 2144 1050 2190 anuo
1069 2126 1118 2189 rei
1132 2132 1262 2208 gestum
1274 2130 1338 2191 eat.
1382 2124 1477 2191 Nam
1528 2111 1533 2127 ’

379 2243 488 2309 neque
512 2225 586 2308 ipse
608 2244 646 2289 se
670 2226 791 2293 obtulit
812 2227 846 2291 iu
870 2237 940 2293 tarn
962 2228 1089 2293 receuti
1103 2228 1238 2293 vulnere
1259 2228 1395 2311 publico
1410 2229 1478 2312 pri·

379 2334 552 2416 ratoque,n
575 2348 682 2416 neque
707 2331 925 2398 lacessierunt
949 2334 1096 2416 quietum
1123 2332 1281 2397 Romani·
1332 2332 1478 2399 Tantum

380 2434 491 2498 inesse
509 2434 587 2512 rim,
602 2436 666 2499 etsi
688 2438 798 2501 omnia
819 2436 891 2502 alia
907 2436 1000 2501 circa
1017 2456 1094 2501 euru
1112 2440 1256 2512 ruerent,
1276 2436 1311 2499 iu
1329 2454 1397 2500 uno
1417 2436 1480 2501 illo

381 2536 468 2602 duce
483 2538 697 2602 censebant·
737 2537 792 2603 Ac
804 2539 932 2632 nescio,
947 2558 990 2604 au
1004 2538 1185 2603 mirabilior
1199 2538 1361 2616 adversis,
1376 2558 1479 2624 quam

381 2639 539 2706 secundis
552 2641 661 2715 rebus,
676 2641 799 2720 fuerit,¹
814 2643 945 2728 quippe
959 2643 1029 2727 qni,
1039 2661 1116 2707 curn
1127 2647 1161 2706 et
1176 2644 1211 2706 in
1225 2641 1376 2706 bostium
1391 2649 1481 2708 terra

381 2763 440 2828 per
450 2761 556 2808 annos
569 2741 737 2822 tredecim,
752 2754 822 2810 tarn
837 2745 955 2830 procul
969 2746 1013 2810 ab
1027 2745 1141 2825 domo,
1153 2745 1248 2810 varie
1261 2743 1395 2810 fortuna
1408 2745 1480 2810 bel·

414 2923 433 2948 ¹·
449 2917 607 2981 suamne·
624 2917 1072 2970 mmtwiuimlnremetu
1092 2915 1261 2975 flurium,
1279 2915 1482 2980 muium

382 2981 724 3049 rememoreramus.

839 3075 1021 3098 memnon

383 3193 547 3246 liberum—*l
564 3195 605 3244 ‘A
618 3193 1085 3260 madescerent-resedissetest.
1101 3195 1219 3246 llbeuau.
1230 3195 1372 3245 restituite
1381 3195 1483 3248 Bruttiis

378 3259 549 3318 balatonum
558 3259 706 3310 disturbati?
721 3263 859 3323 steen-a
874 3262 955 3312 ‘Post
962 3264 1045 3326 produ
1057 3262 1083 3311 lu
1091 3260 1244 3326 quibusdam
1256 3263 1315 3310 libr.
1324 3269 1388 3312 vett.
1399 3263 1480 3324 parti·

384 3325 546 3373 colatorium
557 3326 687 3390 adjicitur,
698 3325 724 3374 lu
742 3326 799 3375 aliis
818 3327 956 3376 omittitur.
980 3327 1081 3390 Sapie·
1091 3334 1163 3376 certe
1181 3327 1317 3389 particular
1332 3331 1484 3388 meisme-

384 3388 443 3444 laur,
452 3389 527 3444 node,
546 3389 590 3438 ubi
602 3390 758 3454 respondent
769 3391 819 3439 illis
829 3393 870 3440 reo
880 3391 962 3452 diser,
972 3393 1013 3440 red
1023 3405 1120 3455 quoqu,
1129 3391 1215 3440 emitti
1225 3392 1307 3440 solent
1318 3406 1327 3452 3
1345 3393 1405 3440 virle
1417 3405 1482 3457 quos

268 3505 272 3518 ¹
384 3453 474 3502 laudat
484 3453 620 3506 Drakenb.
630 3455 663 3504 sel
675 3455 699 3504 lr.
710 3455 735 3504 Ι.’
751 3455 918 3519 Domum-tl
934 3462 942 3485 ⁴
955 3456 1086 3505 turinnes
1095 3457 1199 3518 legiones
1207 3457 1233 3504 ia
1243 3457 1295 3506 lesa
1310 3461 1365 3506 tuta
1378 3471 1484 3507 me.

386 3517 449 3568 Put.
460 3525 489 3567 et
500 3517 568 3569 Gall.
579 3535 667 3570 ornnes
679 3535 795 3583 unusque
805 3522 864 3571 Pal.
874 3529 902 3570 et
913 3522 988 3571 Voss.
998 3521 1124 3571 insolam
1132 3525 1158 3569 et
1168 3520 1279 3581 legiones
1306 3520 1411 3569 Deinde
1422 3521 1484 3571 Pet.

386 3583 453 3648 leeg.
464 3583 514 3632 duo
528 3583 583 3634 Pel.
602 3588 628 3634 irr
644 3587 694 3635 lesu
711 3586 783 3635 calta.
800 3586 871 3635 Meu.
886 3585 913 3634 irr
931 3587 1090 3635 muralia.
1105 3587 1180 3634 uon.
1191 3586 1360 3634 ineam
1379 3586 1442 3635 Pur.
1453 3587 1482 3634 ia

288 3658 296 3682 l
384 3649 435 3697 loeo
444 3647 502 3698 altu.
518 3649 686 3701 scribendum
694 3648 773 3713 forte,
781 3650 806 3700 ἐκ
814 3653 865 3700 loeo
872 3649 941 3699 aue’
956 3649 982 3701 J.
991 3649 1021 3698 F.
1029 3651 1112 3700 Grou.
1133 3650 1210 3699 ‘Vet
1218 3649 1265 3699 lib.
1274 3649 1300 3699 irr
1310 3649 1361 3699 loen
1371 3649 1485 3702 mma'

386 3715 490 3853 8181οὲ11
502 3777 714 3838 raimbiliorsseril
730 3779 836 3829 normis
845 3777 905 3828 olirn
916 3777 1061 3855 legebatur.
1083 3777 1163 3828 ‘l'rrt
1174 3777 1240 3841 lleg.
1255 3778 1327 3827 Meu.
1338 3777 1396 3829 Pal.
1406 3779 1485 3830 Vero.

386 3857 419 3890 arr
429 3843 560 3892 rumbitbr
574 3844 681 3892 somate
693 3859 763 3908 quum
777 3844 886 3894 aemuia
899 3845 968 3893 relus
978 3845 1069 3892 tutent.
1097 3841 1157 3891 Per.
1170 3842 1289 3906 alterque
1300 3843 1357 3894 Pal.
1369 3858 1402 3892 aa
1411 3845 1485 3894 nira-

386 3907 456 3957 uror
464 3909 569 3958 erlem
579 3923 649 3971 quum
658 3909 768 3958 resumis
776 3909 944 3968 rewsserr't:
961 3916 991 3957 ut
1001 3916 1028 3957 et
1043 3904 1108 3958 adu.
1121 3908 1154 3956 ab
1163 3906 1269 3957 Andrea
1285 3922 1366 3970 usque
1377 3908 1410 3957 srl
1422 3909 1486 3959 Fro-

388 3969 500 4021 barrium.
523 3973 721 4034 Transpositurrr
741 3973 816 4022 rideo
828 3974 912 4036 orioro
928 3974 955 4022 in
971 3973 1074 4035 Gryplr.
1107 3971 1157 4020 Sed
1173 3971 1242 4021 allud
1253 3971 1315 4036 qnid
1326 3973 1406 4023 latet:
1425 3989 1484 4024 uam

388 4038 479 4101 scripti
497 4051 595 4102 aornar,
610 4038 695 4102 quippe
709 4043 733 4088 et
751 4039 779 4088 irr
795 4038 911 4088 iodim.-
928 4038 961 4088 rb
974 4039 1016 4101 qai
1032 4051 1085 4086 esur
1101 4036 1294 4088 onerosissima)
1311 4037 1340 4087 J.
1355 4037 1387 4089 F.
1407 4039 1485 4089 Gne.

883 4165 991 4219 Nilum
1071 4190 1075 4207 o

422 4285 435 4311 ¹
452 4277 481 4329 lrr
496 4284 547 4329 tere
560 4279 855 4346 recutiunt-cremiis·
866 4281 917 4345 pri·
957 4279 1081 4343 intelligit
1112 4293 1204 4330 necern
1230 4277 1415 4344 Hasdrubalis,
1441 4283 1487 4347 qui

389 4356 501 4420 eoque]
515 4357 615 4407 Vulnus
625 4357 754 4420 publicum
764 4357 863 4407 cladem
873 4373 918 4406 ex·
959 4354 1114 4406 Hannibalis
1125 4354 1206 4404 frater
1216 4369 1363 4420 germanus.

392 4432 489 4483 orcitus
508 4432 660 4495 Poeuornm3
683 4433 813 4498 privatum
833 4441 918 4482 autera
