3259 5225
366 473 454 542 2358
814 489 850 540 r.
873 489 968 539 errrr

364 655 517 720 magnum
530 635 665 721 pondus
678 637 752 702 anri
767 636 925 702 attulime
939 636 1106 702 diceretur
1119 633 1164 700 ad
1175 634 1326 701 mercede
1335 633 1466 700 auxilia

364 739 595 818 conducenda,
610 737 786 806 Gallorum
802 740 945 805 animos.
988 739 1089 803 Missi
1110 739 1233 804 deindo
1255 758 1334 803 cum
1352 738 1399 804 iis
1418 737 1466 802 le·

364 843 433 925 gati
449 844 493 908 ab
507 841 620 906 Mina
633 841 716 906 Sex.
730 833 903 906 Antistius
917 849 954 906 et
968 841 1019 906 Μ.
1036 841 1198 906 Raecius⁹
1218 843 1262 907 ad
1277 861 1345 906 rem
1359 841 1467 926 inspi-

365 941 518 1007 ciendam
532 943 723 1020 retulerant,
732 941 868 1007 misisse
879 963 918 1008 se
929 963 1005 1008 cnm
1023 943 1296 1009 Massiliensibus
1306 943 1466 1019 ducibus,

365 1045 424 1129 qni
440 1064 501 1128 per
515 1045 667 1129 hospites
682 1063 811 1119 eornm,
825 1046 996 1128 principes
1018 1043 1206 1122 Gallorum,
1219 1045 1332 1110 omnia
1347 1047 1466 1130 explo-

363 1155 440 1211 rata
452 1145 617 1212 referrent.
660 1147 730 1212 Pro
743 1153 915 1232 comperto
929 1149 1063 1226 habere,
1074 1147 1326 1213 Hasdrubalem
1339 1147 1467 1230 ingenti

359 1248 434 1333 jam
456 1257 573 1315 coacto
596 1251 746 1315 exercitu
761 1252 919 1334 proximo
932 1270 1009 1315 rere
1023 1248 1133 1332 Alpes
1147 1250 1381 1335 trajectarum
1402 1269 1466 1314 nec

363 1360 433 1418 tum
455 1372 531 1418 enm
546 1354 728 1438 quicquam
750 1353 845 1418 aliud
865 1355 998 1431 morari,
1012 1353 1076 1417 nisi
1091 1352 1184 1436 qnod
1206 1354 1334 1417 clansae
1347 1354 1466 1436 hyeme

363 1454 473 1540 Alpes
496 1461 620 1520 essent.
664 1456 705 1520 ln
729 1455 843 1521 locum
867 1456 917 1521 Μ.
942 1455 1097 1521 Marcelli
1120 1455 1161 1520 Ρ.
1176 1455 1286 1520 AElins
1308 1455 1429 1520 Paetus
1439 1461 1466 1492 ¹⁰

363 1578 470 1642 augur
483 1563 619 1623 creatus
634 1559 942 1643 inauguratusque3
965 1565 1000 1622 et
1014 1557 1082 1642 Gn.
1091 1556 1271 1623 Cornelios
1284 1555 1466 1622 Dolabella

362 1681 423 1726 rex
451 1679 623 1726 sacrorum
649 1661 867 1743 inauguratus
888 1668 942 1727 est
968 1660 1142 1726 inlocum
1166 1658 1220 1726 M.
1243 1659 1378 1736 Marcii,
1404 1659 1466 1744 qni

360 1764 496 1830 biennio
520 1767 774 1828 ante-mortuus
797 1768 878 1828 erat.
921 1762 1002 1827 Hoc
1024 1761 1144 1828 eodem
1166 1782 1255 1827 anuo
1270 1767 1306 1826 et
1320 1763 1464 1828 lesbum

362 1865 533 1931 conditum
554 1870 610 1930 est
632 1885 654 1930 a
675 1865 869 1930 censoribus
890 1865 931 1930 P.
947 1865 1143 1948 Sempronio
1163 1863 1340 1929 Tuditano
1359 1869 1395 1930 et
1413 1863 1465 1929 M.

362 1967 516 2034 Cornelio
531 1965 694 2050 Cethego.
740 1966 856 2033 Genea
878 1967 1003 2032 civium
1024 1966 1140 2050 capita
1166 1973 1303 2031 centum
1325 1967 1464 2048 triginta

362 2078 492 2154 septem
515 2069 621 2134 millia
642 2075 775 2134 centnm
798 2076 834 2135 et
855 2075 951 2135 octo:
972 2070 1079 2135 minor
1101 2069 1274 2153 aliquanto
1296 2086 1463 2146 numerus,

362 2191 464 2257 quam
478 2171 538 2255 qui
561 2179 638 2236 anle
661 2171 785 2236 bellum
807 2170 924 2237 iuerat
967 2171 1020 2236 Eo
1044 2189 1133 2237 anuo
1154 2171 1311 2255 primum,
1330 2190 1376 2236 ex
1396 2189 1464 2255 qno

364 2275 535 2340 Hannibal
551 2275 584 2337 in
601 2273 734 2338 ltaliam
750 2274 912 2351 venisset,
924 2274 1096 2339 comitium
1109 2281 1254 2338 tectum¹
1266 2280 1380 2352 esee,¹¹
1394 2292 1463 2338 me-

360 2379 475 2444 moriae
501 2376 670 2462 proditum
695 2381 759 2452 est,
781 2387 815 2444 el
833 2377 934 2442 ludos
952 2377 1127 2443 Romanos
1140 2378 1244 2442 semel
1257 2378 1464 2442 instauratos

359 2483 404 2546 ab
421 2480 574 2545 aedilibus
596 2480 762 2544 curulibus
784 2478 830 2559 Q.
846 2479 985 2545 Metello
1008 2487 1042 2544 et
1064 2479 1104 2546 G.
1127 2480 1287 2546 Servilio.
1331 2477 1378 2544 Et
1392 2478 1465 2564 plo-

358 2584 446 2649 beiis
468 2582 557 2649 ludis
580 2583 720 2648 biduum
745 2583 970 2650 instauratum
996 2585 1040 2649 ab
1063 2580 1108 2662 Q.
1134 2583 1291 2648 Mamilio
1303 2588 1331 2622 ¹²
1352 2588 1389 2647 et
1412 2581 1463 2647 Μ.

359 2687 501 2753 Caecilio
519 2686 664 2752 Metello
679 2687 834 2753 aedilibus
849 2686 973 2771 plebis.
1017 2686 1060 2751 Et
1075 2688 1138 2751 tria
1152 2687 1248 2769 signa
1267 2686 1310 2751 ad
1327 2684 1461 2751 Cereris

358 2790 494 2856 iidem¹³
526 2789 708 2854 dederunt:
739 2795 772 2855 et
794 2788 896 2855 Joris
919 2788 1053 2871 epulum
1077 2790 1142 2854 suit
1165 2789 1319 2855 ludorum
1344 2808 1461 2855 cauea.

819 2934 1003 2957 ΜΝΜΟΜ

388 3026 405 3071 t
418 3020 503 3071 lintius
514 3020 596 3071 Gron.
606 3020 717 3083 Doujat.
729 3018 874 3071 Crem-lb
885 3020 975 3082 Sigon.
990 3019 1092 3069 emend.
1105 3034 1121 3068 e
1132 3019 1244 3069 lectione
1261 3020 1362 3083 vulgat.
1381 3018 1413 3069 L.
1424 3020 1460 3069 A·

356 3086 444 3151 quilius
457 3086 550 3135 Poetaa.
560 3088 618 3136 Vel.
629 3084 750 3147 llb.apnd
762 3100 821 3133 eum
833 3085 960 3148 prosector
969 3086 1082 3150 Aquiliae
1094 3085 1251 3134 Potae-ll
1263 3084 1366 3134 ‘Verba
1377 3099 1461 3148 aaa·
1496 3094 1500 3100 '

356 3150 483 3200 Hannibal
491 3151 518 3199 in
526 3151 577 3200 l.n.
589 3149 629 3199 rel
639 3150 775 3214 otiosa,vet
785 3159 925 3211 corrupta:
937 3157 1008 3199 certe
1016 3166 1066 3200 raon
1077 3152 1212 3214 patiuntur
1220 3150 1461 3212 interpretationem

356 3214 480 3265 Maeliani
489 3224 515 3265 et
530 3216 640 3267 Nardiui
652 3232 659 3263 :
676 3216 797 3264 octabium
806 3230 833 3264 ea
844 3230 915 3271 arao,
925 3230 970 3278 qao
982 3215 1017 3263 H.
1028 3215 1054 3264 ia
1067 3216 1088 3264 Ι.
1098 3217 1172 3272 ecrit,
1183 3215 1360 3273 lectansaiaae.
1390 3215 1415 3265 N
1419 3229 1460 3264 aar

357 3294 406 3329 nee
417 3294 570 3344 quemquern
589 3282 614 3329 in
635 3280 794 3342 designando
815 3288 934 3343 tempore
952 3281 989 3329 ita
1002 3282 1146 3344 loqrruutrn.
1161 3290 1234 3343 puto,
1252 3278 1460 3336 provideatur

356 3345 445 3395 Livius
456 3344 481 3393 id
495 3344 597 3394 demum
610 3346 657 3394 hoc
669 3360 737 3394 anno
758 3358 902 3394 memorare
919 3346 1038 3394 voluerit.
1069 3345 1193 3408 Strepicor
1212 3346 1329 3394 ntutilurn
1348 3359 1406 3394 esee
1421 3345 1459 3393 lo-

355 3424 424 3473 cum,
437 3410 590 3473 Lirinnrqne
602 3408 644 3457 hic
655 3424 704 3457 non
717 3409 797 3458 solum
814 3410 849 3459 de
867 3425 945 3471 anno,
956 3426 1007 3475 quo
1025 3419 1121 3459 tectum
1136 3408 1235 3459 comitti
1247 3408 1405 3473 perfectum,
1416 3423 1461 3459 re·

355 3488 412 3523 runt
428 3476 517 3531 etiarn.
533 3490 583 3539 quo
601 3476 749 3525 inchoatum
768 3480 818 3532 eet,
835 3489 928 3538 nempe
945 3490 987 3536 eo,
1004 3490 1054 3540 quo
1072 3476 1204 3524 Hannibal
1222 3475 1248 3522 io
1266 3475 1370 3524 ltaliam
1380 3476 1461 3537 veuit,

354 3539 460 3605 egisse!
479 3541 572 3591 Duker.
589 3542 597 3569 ⁴
609 3540 715 3602 coprem
728 3549 787 3602 poat
797 3540 900 3589 rmiaaet
911 3542 1038 3590 excidisse
1050 3542 1158 3603 putabat
1168 3539 1291 3591 Rodlliua.
1316 3541 1407 3590 Verba
1416 3556 1461 3589 aa·

355 3612 408 3655 tem
419 3605 456 3654 tic
468 3604 656 3669 transponehat
664 3606 742 3654 Crev.
755 3605 977 3669 Eooaaoprbaam,
988 3621 1020 3655 ex
1030 3621 1075 3668 qao
1086 3605 1186 3655 Heraia
1198 3606 1349 3664 lineatam,
1357 3607 1460 3654 Μαι

353 3670 474 3720 conditam
482 3676 543 3720 rato
554 3670 696 3729 censoribus,
707 3670 779 3735 (naor
792 3670 853 3718 licet
864 3681 1034 3720 tercentoree
1047 3672 1126 3719 creati
1139 3680 1210 3729 aunt,
1222 3684 1315 3733 exque
1330 3670 1461 3719 Hannibal

354 3737 380 3784 in
392 3734 429 3785 lt.
442 3736 522 3793 venit,
534 3736 559 3783 bl
572 3744 659 3784 tamen
671 3736 718 3783 aoli
729 3736 838 3784 lustrum
853 3735 1090 3799 condideretmnte
1100 3735 1282 3795 bellamsaerat.
1316 3734 1372 3784 Hoc
1381 3736 1459 3784 codena

352 3816 414 3850 aaao
424 3806 447 3849 el
458 3801 579 3850 comitium
588 3804 676 3849 lectam
687 3814 735 3850 ctae
747 3798 807 3849 cet-⁸
818 3800 1032 3862 Μυρτώ-ΜΛ
1043 3800 1075 3855 Q.
1085 3800 1177 3849 Manlio
1187 3800 1320 3849 Eddante
1331 3801 1422 3864 Sigon.
1431 3808 1459 3848 et

355 3868 432 3929 paulo
443 3864 504 3915 infr.
518 3866 547 3914 C.
559 3866 651 3915 Montio
659 3879 707 3928 pro
723 3866 751 3914 C.
761 3866 947 3915 Metalla—18
958 3867 1038 3915 ‘Mox
1051 3879 1098 3928 pro
1108 3866 1181 3914 lirim
1192 3865 1258 3914 male
1266 3866 1292 3913 ln
1305 3864 1459 3929 quibusdam

353 3938 420 3983 velt·
430 3930 489 3983 libr.
505 3930 590 3995 ddeat,
607 3931 656 3981 nisi
669 3944 715 3996 pro
726 3930 799 3980 iidem
811 3932 925 3996 posituro
945 3931 990 3981 rit.
1024 3931 1150 3981 Nonnulli
1161 3930 1225 3980 blas.
1241 3930 1311 3994 apud
1324 3930 1458 3981 Drakenb-

854 4060 961 4112 NOTAE

385 4164 397 4201 Ι
416 4157 543 4207 Corelliana
561 4158 661 4224 tectam]
685 4157 826 4211 comitium
840 4173 884 4209 ro·
924 4159 958 4210 de
969 4159 1046 4210 rebus
1062 4160 1171 4224 publieia
1188 4159 1335 4210 deliberare
1351 4172 1458 4225 eogere·

352 4234 462 4285 cubator
473 4236 544 4285 loona
555 4236 580 4285 iu
592 4234 650 4286 foro
661 4237 705 4287 ubl
721 4236 884 4286 habebantur
923 4244 982 4288 tur:
1001 4235 1071 4286 unde
1090 4251 1143 4287 non
1160 4251 1219 4287 raro
1238 4242 1398 4301 tempestate
1419 4235 1458 4285 in·

352 4310 468 4371 comitia,
488 4314 631 4374 praesrtim
649 4298 773 4363 curitttr.¹
791 4314 825 4363 Id
837 4314 883 4363 diu
924 4321 1035 4374 gruenle
1047 4312 1216 4363 solvebantur
1231 4315 1345 4365 comitia.
1379 4313 1458 4364 Nune

351 4393 424 4437 tecto
435 4386 527 4446 caruit,
545 4388 583 4440 ita
599 4396 627 4439 ut
643 4390 754 4454 populna
770 4390 818 4440 rub
838 4389 881 4440 dio
922 4398 1012 4441 antem
1023 4389 1169 4441 tectoittud
1181 4390 1278 4455 operiri
1291 4390 1401 4455 placuit.
