3259 5225
354 575 358 588 ·
405 547 493 616 221⁰
791 538 793 542 ’
872 567 906 616 ι.
932 566 1029 618 ιιιιι

404 711 520 796 cupita
533 729 575 776 ac
588 708 738 778 fortunas
751 709 924 778 committi.
969 710 1129 792 Proinde,
1144 709 1176 776 ai
1190 709 1369 789 rideretur,
1381 715 1415 776 et
1428 711 1504 777 red-

404 814 455 880 ire
476 813 511 879 iu
530 813 725 897 suffragium
745 812 918 879 Veturiam
936 814 1103 899 juniorum
1121 813 1263 899 juberet,
1286 820 1322 880 et
1335 813 1505 878 meminis-

372 965 379 990 .
404 923 480 982 aet⁵
502 917 537 981 iu
550 916 744 981 consulibua
759 915 913 982 creandis
936 916 1027 995 belli,
1043 914 1132 1001 quod
1156 915 1191 980 iu
1214 915 1321 981 ltalia
1342 915 1398 994 uit,
1419 921 1507 982 teur-

403 1038 586 1104 porumque
599 1019 649 1084 rei
662 1019 822 1103 publicar.
865 1017 1018 1085 Vixdum
1038 1015 1233 1103 requiesae⁶
1255 1037 1356 1085 aurea
1378 1037 1399 1082 a
1419 1021 1506 1083 stre·

403 1122 479 1206 pitu
493 1130 529 1187 et
541 1121 684 1187 tumultu
693 1120 821 1200 hostili,
833 1141 901 1206 quo
913 1141 1042 1207 paucos
1057 1128 1135 1188 ante
1149 1139 1281 1186 meuses
1296 1119 1506 1186 aaaoderiut⁷

403 1241 511 1308 prope
524 1223 652 1289 moeuia
667 1221 844 1289 Romana?
887 1223 1059 1290 Posthac
1074 1242 1152 1289 cum
1173 1223 1324 1290 centuria
1344 1222 1505 1307 frequens

404 1323 660 1404 aucclammet,
681 1325 784 1391 ‘nihil
800 1331 982 1391 remutare
998 1327 1182 1402 sententia,
1196 1324 1401 1408 eosdemque
1421 1343 1506 1390 cou-

403 1428 495 1494 rulca
508 1426 656 1495 dicturos
670 1447 748 1494 erae
757 1425 779 1510 3’
800 1433 871 1492 tum
880 1428 1089 1512 Torquatus,
1104 1428 1245 1513 ‘Neque
1254 1447 1316 1512 ego
1326 1423 1505 1504 rastroa,’⁸

402 1530 524 1616 iuquit,
547 1534 678 1596 ‘mores
701 1531 822 1597 consul
848 1531 933 1596 forre
958 1539 1091 1615 potero,
1112 1550 1222 1620 neque¹
1241 1548 1302 1596 roa
1327 1527 1505 1612 imperium

402 1651 523 1698 meum.
566 1631 691 1699 Redite
711 1635 747 1700 in
769 1632 974 1717 suffragium,
988 1639 1022 1700 et
1041 1633 1186 1717 cogitate
1199 1633 1322 1699 ballum
1338 1629 1505 1696 Puuic'um

403 1733 439 1798 iu
452 1734 556 1800 Italia
575 1741 608 1799 et
628 1734 776 1800 hostium
793 1735 911 1801 ducem
927 1736 1156 1803 Hannibalem
1170 1733 1269 1802 esso?
1312 1734 1399 1800 Tum
1424 1751 1505 1798 ccu-

401 1837 501 1916 turia,
513 1841 548 1902 et
560 1837 762 1902 auctoritate
780 1844 874 1903 mota
889 1838 964 1918 viri,
977 1845 1010 1904 et
1024 1838 1257 1904 admirantium
1277 1835 1369 1903 circa
1389 1835 1505 1900 fremi-

401 1943 449 2018 tu,
463 1939 572 2024 petit⁹
593 1959 615 2004 a
629 1941 782 2020 consule,
797 1948 836 2007 ut
848 1938 1025 2008 Veturiam
1039 1942 1211 2007 aeriorum
1224 1941 1359 2006 citaret:
1380 1936 1504 2003 ‘Velle

402 2060 441 2105 ae
465 2061 541 2107 cum
566 2041 748 2126 majoribus
767 2049 849 2111 uota
872 2043 1030 2128 colloqui,
1052 2048 1151 2109 etex
1171 2041 1369 2108 auctoritato
1383 2059 1503 2106 eorum

401 2144 561 2210 consules
582 2143 715 2210 dicere!
760 2143 883 2210 (litatis
905 2143 1057 2211 Veturiae
1082 2141 1284 2222 sanioribus,
1307 2141 1422 2208 dutum
1448 2162 1505 2207 sc-

401 2254 493 2312 creto
507 2247 542 2311 iu
556 2245 650 2312 Ovili
660 2254 682 2282 ¹⁰
704 2267 781 2312 cum
795 2247 848 2312 hir
863 2246 1074 2333 colloquendi
1094 2255 1240 2332 tempus.
1283 2246 1444 2312 Seniorea
1457 2245 1503 2311 de

400 2347 506 2414 tribua
520 2347 764 2414 consulendum
778 2349 936 2415 dixerunt
956 2369 1044 2429 casa,
1060 2349 1194 2416 duobus
1212 2350 1284 2434 jam
1306 2351 1418 2435 plenis
1439 2350 1504 2414 ho·

399 2470 529 2532 uorum,
554 2449 599 2529 Q.
628 2449 737 2516 Fabio
761 2458 798 2516 et
824 2451 874 2516 Μ.
901 2451 1076 2531 Marcello,
1101 2459 1147 2532 ct,
1174 2452 1206 2519 ai
1231 2452 1347 2537 utique
1373 2471 1502 2518 uorum

399 2553 544 2637 aliquem
567 2553 730 2621 adversus
750 2553 877 2621 Poenos
898 2555 1069 2621 consulem
1089 2555 1194 2621 creari
1207 2554 1339 2633 vellent,
1361 2555 1412 2621 M.
1425 2553 1503 2622 Va·

399 2655 519 2721 lerium
532 2656 707 2723 Larinum
717 2664 746 2697 ¹⁰
758 2658 889 2743 egregie
905 2656 1066 2723 adversus
1078 2654 1273 2743 Philippum
1288 2676 1398 2740 regem
1413 2662 1503 2725 terra

398 2758 551 2844 marique
575 2776 632 2823 reu
657 2759 814 2841 gessisse.
859 2759 915 2824 Ita
940 2757 982 2824 de
1009 2759 1115 2825 tribus
1138 2760 1383 2825 consultatione
1409 2760 1502 2841 (lato,

398 2860 589 2927 aeuioribua
602 2861 763 2941 dimissis,
779 2862 934 2946 juniores
950 2862 1145 2947 suffragium
1163 2864 1288 2930 ineunt.
1333 2861 1384 2929 Μ.
1400 2864 1501 2930 Clau-

398 2961 489 3029 dium
520 2962 730 3041 Marcellum,
758 2963 941 3046 fulgentem
969 2970 1039 3029 tum
1070 2965 1189 3031 Sicilia
1214 2964 1355 3045 domita,
1383 2972 1419 3031 et
1448 2964 1501 3032 Μ.

398 3062 570 3130 Valerium
607 3065 764 3131 absentes
801 3064 960 3132 cousulea
997 3066 1192 3134 dixerunt.¹¹
1252 3065 1500 3137 Auctoritatem

860 3228 1041 3253 omum

395 3333 459 3392 port.
497 3327 588 3389 Forte,
602 3326 649 3378 aa
665 3328 827 3381 Μ’
842 3330 869 3384 J·
880 3331 911 3381 F.
922 3316 1053 3383 Grau-t
1070 3331 1080 3359 ‘
1092 3332 1175 3383 Immo
1189 3337 1214 3383 et
1228 3330 1360 3383 marae
1371 3344 1407 3381 rc·
1417 3332 1500 3382 Veru-

397 3394 473 3442 riam·
489 3392 548 3444 Jre.
558 3392 640 3443 Groo.
670 3394 703 3443 lo
715 3394 827 3459 probant
838 3396 910 3447 Dok.
922 3404 949 3447 at
960 3397 1043 3448 Drak.
1059 3398 1105 3447 red
1122 3412 1171 3447 uec
1182 3398 1314 3461 vulgatu·
1325 3396 1459 3453 damnant.
1470 3404 1500 3447 et

398 3464 452 3506 ram
462 3458 615 3533 mirram,
626 3473 701 3535 quam
712 3461 791 3537 redire
801 3459 835 3510 ad
847 3461 992 3512 centuriam
1010 3461 1130 3513 referunt
1149 3469 1177 3513 ot
1193 3462 1225 3512 arl
1239 3462 1344 3526 juberet,
1357 3470 1388 3512 ut
1407 3460 1498 3511 Lirior

397 3530 617 3573 courtrocrrooem
636 3538 694 3588 eju·
711 3526 860 3589 corruerit,
877 3527 1092 3592 quemadmodum
1109 3540 1161 3577 ιιι.
1181 3530 1222 3579 8⁶.
1247 3539 1275 3575 x.
1291 3531 1332 3577 48.
1357 3538 1437 3577 ιιιιι.
1458 3530 1499 3576 lt).

398 3600 469 3638 xxv.
480 3590 522 3637 lt.
538 3599 621 3638 xxrx.
634 3592 673 3638 lt.
691 3601 786 3639 xxxrr.
798 3595 839 3640 ll.
857 3602 927 3642 xarr.
938 3591 989 3641 80!
1006 3594 1107 3656 liutpert.
1149 3590 1251 3641 Probat
1274 3592 1353 3641 etiam
1370 3591 1499 3653 Doariug.

396 3656 447 3702 —o
459 3649 506 3729 ,Δὶ
521 3653 721 3715 requietem-⁷
737 3653 870 3705 ‘Amant
880 3656 923 3706 vel
933 3654 1037 3707 medat
1052 3656 1111 3707 cod.
1129 3656 1189 3706 Pal.
1202 3656 1271 3706 aude
1283 3657 1360 3706 Crer.
1373 3656 1442 3720 conj.
1459 3670 1497 3705 ro·

397 3846 468 3911 vulg·
483 3851 507 3897 rt
515 3846 624 3912 hoino,
632 3847 675 3913 qai
688 3802 874 3912 garimrE-rr
892 3819 1040 3902 ‘arueram
1057 3852 1161 3902 tormer
1174 3852 1297 3903 dictura
1314 3850 1415 3902 ¹Recto
1424 3800 1499 3916 Sigo-

895 3985 1004 4039 Nom

427 4090 447 4117 ¹
462 4082 496 4133 Ia
507 4080 586 4146 orto]
603 4082 715 4134 Nomine
734 4084 813 4135 Ocilia
831 4085 927 4137 iutelli-
969 4088 1048 4139 Ocilia
1063 4093 1150 4139 rutam
1167 4099 1261 4138 uomau
1278 4098 1313 4136 ex
1329 4083 1500 4136 rimilltudiue

393 4159 464 4225 gitur
474 4168 577 4225 replum
587 4161 709 4212 cauernis
722 4163 846 4221 clausum,
857 4164 927 4214 iutra
967 4162 1118 4229 deductum,
1130 4178 1206 4231 quam
1223 4162 1314 4214 habuit
1329 4162 1401 4212 loona
1419 4162 1499 4212 couri-

395 4239 466 4305 quod
483 4252 531 4301 per
548 4246 655 4304 pontem
665 4239 879 4303 ingrediebantur
890 4242 926 4293 ci·
965 4242 1060 4293 tiorum
1082 4256 1140 4293 cour
1157 4248 1243 4304 rapto,
1261 4254 1312 4306 quo
1331 4238 1500 4288 luclurluutur

395 4328 440 4363 rer
450 4313 574 4379 cujurqre
582 4314 717 4370 centoria.
724 4317 766 4366 rel
777 4316 926 4378 tribur‚rul·
965 4325 1041 4369 extra
1052 4319 1169 4383 lryeurem
1181 4323 1368 4381 pernoctanter
1378 4328 1452 4380 orer,
1463 4314 1497 4366 rrl

393 4388 506 4455 fragium
524 4389 631 4452 dicturi,
648 4395 679 4441 ut
696 4390 827 4442 Gruelriur
845 4394 890 4443 lib.
905 4407 925 4444 ι.
964 4396 1147 4447 atereornatlor
1159 4408 1245 4463 agros.

395 4465 429 4517 rle
450 4465 564 4518 comitile
584 4466 659 4518 llum.
679 4468 804 4533 expilat,
822 4470 925 4537 aliique.
