3259 5225
488 603 561 652 ers.
585 601 712 652 xxvrr.
735 602 820 651 osa.
840 585 897 652 42.
1149 587 1237 655 2371

140 749 282 834 quievit.
326 746 513 827 Romanus,
528 749 564 814 in
579 749 684 815 aciem
700 748 809 832 copiis
825 745 969 828 eductis,
984 755 1166 834 postqm
1181 770 1244 816 ne-.

140 855 265 922 minem
282 851 377 934 signa
392 851 635 916 contractioris
652 849 748 930 vidit,
771 851 885 936 spolia
903 851 970 936 legi
985 872 1147 918 mmm
1161 853 1241 919 bos·

140 955 240 1032 tium,
262 960 297 1019 ct
318 973 452 1020 suorum
479 973 621 1040 corpora
645 954 769 1020 collata
793 955 828 1018 in
851 974 954 1020 unum
973 956 1107 1039 sepeliri
1125 955 1241 1039 jussit.

142 1055 229 1122 Iade
243 1056 497 1140 insequentibus
511 1057 678 1124 continuis
693 1056 810 1121 diebus
822 1055 953 1140 aliquot
965 1056 1013 1121 ita
1026 1057 1152 1122 institit
1165 1076 1241 1141 por-

141 1160 202 1237 tis,
218 1167 256 1225 ut
266 1179 372 1244 prope
387 1160 505 1226 inferre
520 1158 811 1245 signa,videretur;
832 1159 940 1224 donec
955 1158 1129 1225 Hannibal
1142 1161 1243 1226 tertia

141 1263 270 1346 vigilia,
292 1263 418 1328 crebris
439 1264 569 1345 ignibus
590 1255 895 1346 tabernaculisque,
917 1282 995 1346 quae
1014 1281 1094 1347 pars
1117 1268 1243 1328 castro·

141 1371 239 1430 raus5
263 1364 306 1430 ad
326 1365 439 1432 hostes
456 1367 623 1449 vergebat,
642 1372 676 1432 et
690 1365 852 1430 Numidis
873 1366 1005 1449 paucis,
1020 1365 1079 1448 qui
1098 1365 1134 1430 iu
1149 1365 1243 1430 vallo

143 1468 318 1552 portisque
334 1489 372 1534 se
387 1469 615 1548 ostenderent,
628 1469 762 1548 relictis,
775 1467 948 1552 prosecute
958 1467 1120 1552 Apuliam
1131 1477 1243 1553 petere

143 1570 298 1636 intendit.
340 1571 412 1638 Ubi
441 1573 560 1651 illuxit,
586 1574 749 1638 successit
767 1572 860 1636 vallo
885 1570 1044 1636 Romana
1067 1571 1181 1653 aciem
1210 1577 1245 1635 et

145 1672 309 1740 Numine
326 1693 371 1739 ex
393 1675 583 1760 composito
600 1674 771 1760 paulisper
786 1673 821 1738 in
834 1673 943 1758 portis
958 1693 996 1738 se
1014 1673 1174 1757 valloque
1187 1694 1244 1739 oa·

144 1782 330 1856 tentavere,
356 1776 573 1862 frustratique
597 1775 804 1862 aliquamdiu
831 1773 978 1855 hostes,⁹
1006 1776 1121 1842 citatis
1145 1778 1245 1862 equis

144 1895 264 1960 agmen
275 1897 411 1944 suorum
426 1885 658 1964 assequuntur.
703 1877 845 1957 Consul,
861 1878 922 1943 ubi
941 1879 1108 1944 silentium
1123 1879 1159 1946 iu
1170 1899 1247 1946 cas·

145 1979 220 2056 tris,
235 1985 269 2044 et
282 1999 323 2045 ne
337 2000 467 2064 paucos
482 1981 630 2066 quidem,
643 1981 703 2066 qui
717 1981 827 2065 prima
845 1980 923 2047 luce
937 1982 1247 2062 obambulaverant,

146 2093 244 2164 parte
259 2083 330 2148 ulla
342 2084 507 2162 cernebat,
520 2084 654 2149 duobus
669 2085 838 2168 equitibus
853 2085 1067 2168 speculatum
1082 2086 1117 2150 in
1131 2092 1246 2151 castra

146 2185 343 2266 praemissis,
357 2193 538 2271 postquam
553 2189 723 2253 satistuto
738 2187 851 2252 omnia
864 2207 942 2252 esse
953 2188 1164 2273 exploratum
1178 2195 1247 2266 est,

146 2284 261 2351 inferri
274 2289 369 2372 sigua
378 2291 504 2375 jussit;
521 2296 719 2374 tantumque
735 2289 783 2354 ibi
798 2295 958 2370 moratus,
975 2290 1054 2355 dnm
1068 2290 1190 2356 milites
1204 2291 1248 2356 ad

147 2388 298 2471 praedam
314 2390 513 2472 discurrunt,
527 2392 679 2476 receptui
694 2391 817 2456 deiude
832 2393 966 2473 cecinit,
984 2393 1157 2478 multoque
1172 2399 1250 2457 ante

147 2498 281 2556 noctem
293 2495 415 2578 copias
431 2495 574 2560 reduxit
618 2494 761 2560 Postero
779 2495 834 2559 die
848 2497 956 2579 prima
973 2495 1051 2561 luce
1067 2497 1250 2580 protectus,

148 2592 281 2675 maguis
295 2594 470 2663 itineribus
490 2597 614 2663 famam
630 2602 666 2663 et
681 2595 821 2681 vestigia
837 2599 978 2681 agminis
994 2618 1144 2683 sequens,
1158 2595 1249 2661 baud

149 2697 269 2779 procul
288 2696 443 2765 Venusia
457 2698 591 2766 hostem
606 2702 809 2785 assequitur.
854 2701 909 2766 Ibi
923 2720 1058 2787 quoque
1072 2701 1251 2765 tumultua-

149 2798 203 2863 ria
222 2819 331 2883 pugna
352 2801 430 2867 suit.
474 2803 586 2887 Supra
606 2802 674 2869 duo
694 2803 803 2869 millia
819 2803 1003 2870 Poenorum
1018 2823 1121 2870 caesa.
1165 2801 1251 2867 Inde

151 2903 327 2967 nocturnis
342 2906 578 2990 montanisque
588 2906 762 2973 itineribus
774 2906 915 2984 Poenus,
926 2926 970 2972 ue
980 2908 1088 2972 locum
1100 2924 1252 2990 pugnan-

151 3000 186 3065 di
202 3002 307 3084 daret,
326 3005 559 3092 Metapontum
574 3010 685 3093 petiit.
729 3009 857 3074 Hanno
871 3010 949 3075 inde
961 3010 1010 3094 (is
1025 3009 1114 3073 enim
1133 3006 1252 3091 praesi-

152 3102 211 3168 dio
226 3105 300 3187 ejus
315 3106 383 3175 loci
399 3110 591 3196 praefuerat)
611 3113 645 3177 in
669 3112 819 3177 Bruttios
838 3130 914 3176 cnm
929 3111 1048 3195 paucis
1063 3110 1105 3175 ad
1120 3108 1251 3175 exerci-

151 3210 223 3270 turu
238 3228 363 3275 novum
379 3214 638 3296 comparandum
660 3215 798 3279 missus.
844 3214 1030 3293 Hannibal,
1050 3214 1161 3298 copiis
1176 3213 1252 3297 ejus

152 3308 197 3373 ad
212 3328 291 3377 suas
306 3312 451 3397 additis3
468 3314 655 3381 Venusiam
671 3326 772 3396 retro,
785 3318 910 3401 quibus
920 3325 1057 3383 venerat
1067 3318 1253 3395 itineribus,

151 3416 287 3496 repetit,
310 3421 411 3499 atque
433 3417 512 3483 inde
537 3418 723 3488 Canusium
744 3421 908 3505 procedit.
952 3421 1135 3506 Nunquam
1156 3416 1252 3484 Nero

151 3517 305 3599 vestigiis
319 3518 429 3585 bostis
450 3521 643 3605 abstiterat;
664 3528 697 3588 et
718 3521 764 3601 Q.
790 3523 960 3602 Fulvium,
980 3544 1056 3589 cunr
1077 3523 1253 3605 Metapon-

152 3624 225 3684 tum
240 3620 315 3705 ipse
330 3623 608 3706 proficisceretur,
626 3626 662 3690 in
677 3624 845 3705 Lucanos,
863 3647 906 3692 ne
920 3626 1011 3711 regio
1024 3645 1067 3691 ea
1081 3627 1152 3690 sine
1166 3644 1254 3709 prae·

153 3721 242 3788 sidio
257 3733 359 3805 esset,
375 3727 584 3793 arcessierat.

613 3858 795 3881 mu&

152 3954 230 4019 prob.
248 3955 325 4005 Cres.
343 3956 384 4007 cui
402 3972 452 4009 vox
468 3958 569 4010 mirrea
588 3962 673 4013 otiosa
692 3962 838 4013 videbatur.
870 3960 903 4010 ’rb
921 3958 986 4008 circa
1001 3956 1158 4021 displicebat
1174 3958 1258 4008 Drrlr.

152 4023 227 4083 isque
252 4022 339 4083 plures
358 4023 436 4073 etiam
455 4024 628 4075 Romanorum
648 4027 776 4079 cecidisse
795 4024 929 4075 credebat.
963 4023 1059 4086 Inepta
1077 4030 1105 4072 et
1128 4024 1258 4087 particule

152 4087 220 4135 circa
242 4096 335 4150 quarto
364 4090 433 4137 curui
455 4089 559 4151 juncta,
579 4099 608 4141 et
629 4105 682 4142 vox
704 4092 817 4153 cutm,
839 4106 870 4140 ac
896 4088 966 4139 forte
988 4090 1038 4153 teg.
1063 4090 1168 4139 Circiter
1188 4089 1257 4152 osia·

151 4156 239 4265 {m
248 4150 341 4267 ὦκα.
365 4154 425 4204 uicti
446 4156 590 4220 ceciderat,
615 4157 640 4206 tr.
661 4172 684 4209 a.
705 4154 879 4208 occiderunt?
906 4154 1075 4218 Daciae-tt
1091 4156 1153 4206 Put.
1168 4154 1258 4211 turtur

652 4316 759 4370 NOTAE

187 4418 199 4454 l
218 4410 279 4468 Qua
292 4412 501 4477 perronam]
519 4414 624 4465 Dixerit
641 4416 686 4467 ali·
727 4416 840 4483 gebenn
865 4418 906 4469 vel
923 4424 997 4469 certe
1014 4429 1065 4482 qua
1082 4428 1142 4480 pm
1160 4418 1259 4463 cartre-

154 4504 196 4553 ur,
210 4502 261 4554 qua
277 4496 354 4552 parte
370 4498 456 4540 castra
473 4490 505 4541 ad
523 4492 611 4545 bostar
630 4509 686 4544 aar·
728 4498 853 4560 rum,&e.
