3259 5225
445 550 518 599 ιιι.
543 549 673 598 xxvrr.
696 507 780 598 car.
801 531 856 600 89.
1108 528 1197 598 2868

95 701 248 780 tempore
263 694 458 760 consulibua
468 695 615 760 eundum
625 694 669 760 ad
679 694 818 773 bellum,
828 694 924 782 (nam
935 700 971 759 et
985 691 1196 758 Hasdrubali

95 797 338 864 occurrendum
360 817 437 864 esse
457 797 677 864 descendenti
696 799 740 864 ab
755 799 971 884 Alpibusque
986 797 1107 864 Gallos
1121 795 1197 861 Cis·

94 901 242 986 alpinos,
265 921 349 967 neve
364 900 543 979 Etruriam,
564 909 709 968 erectam
723 903 758 966 in
774 921 869 986 spem
888 921 997 967 rerum
1022 918 1197 977 novarum,

95 1003 302 1083 solicitaret3
327 1008 360 1068 et
380 1001 602 1069 Hannibalem
617 1023 680 1070 sno
695 1005 831 1088 proprio
845 1002 1080 1089 occupandum
1094 1001 1196 1080 bello,

93 1124 140 1170 ne
154 1123 318 1188 emergere
329 1111 357 1144 ¹⁰
380 1125 424 1172 es
446 1106 588 1172 Bmttils
604 1114 707 1191 atque
722 1108 859 1174 obviam
878 1107 971 1174 fratri
987 1107 1034 1172 ire
1049 1109 1198 1190 possete)

94 1205 218 1272 Livius
232 1209 466 1288 cunctabatur,
479 1229 598 1295 parurn
614 1209 719 1275 fidens
734 1229 870 1276 suarum
881 1209 1125 1294 prouinciamm
1135 1227 1196 1271 ex·

94 1309 280 1376 ercitibus:
296 1311 460 1395 collegam
469 1323 483 1350 ¹
496 1331 540 1377 ex
555 1311 686 1377 duobus
702 1313 936 1378 consularibus
948 1311 1088 1395 egregiis
1099 1328 1196 1374 exer·

95 1413 223 1479 citibus
237 1419 271 1478 et
284 1416 396 1493 tertio,
411 1416 467 1480 cui
482 1413 528 1496 Q.
543 1415 707 1481 claudius
720 1415 861 1482 Tarenti
873 1421 1050 1500 praeesset,
1065 1412 1197 1478 electio·

93 1535 175 1580 nem
189 1515 324 1581 babere.
376 1515 600 1601 Intuleratque
621 1517 822 1584 mentionem
844 1517 888 1582 de
910 1517 1087 1584 volonibus
1102 1533 1196 1580 revo·

94 1617 216 1682 caudis
235 1616 278 1682 ad
298 1619 403 1703 signa.
447 1619 597 1685 Senatus
619 1619 757 1686 liberam
779 1625 977 1705 potestatam
1002 1617 1199 1686 consulibus

93 1719 189 1798 fecit,
202 1724 236 1786 et
244 1721 422 1808 supplendi
430 1721 517 1788 unde
528 1723 660 1801 vellent,
675 1727 710 1788 et
722 1722 866 1806 eligendi
881 1724 925 1789 de
935 1723 1091 1788 omnibus
1101 1739 1199 1786 exer·

94 1822 234 1902 citibns,
249 1843 334 1909 qnos
349 1823 483 1903 vellent,
496 1823 784 1910 permutandique,
797 1831 831 1891 et
842 1845 889 1891 ex
902 1823 1096 1911 provinciis,
1110 1841 1198 1908 qnos

93 1944 116 1989 e
136 1945 174 1990 re
200 1927 336 2011 publica
353 1935 528 1994 censerent
549 1949 636 2009 esse,
664 1927 876 1994 traducendi.
920 1929 971 1993 Ea
989 1927 1102 1991 omnia
1120 1943 1198 1990 cum

94 2047 229 2094 summa
246 2030 428 2096 concordia
445 2030 619 2096 consulum
640 2040 728 2097 acta.
771 2028 923 2098 Volones
936 2030 972 2094 in
987 2027 1200 2094 undevicesi-

92 2149 186 2196 mum
200 2139 235 2198 et
249 2133 450 2200 vicesimam·
458 2133 608 2217 legiones
620 2134 748 2219 scripti.
792 2131 914 2217 Magni
924 2132 1054 2198 mboris
1068 2128 1200 2196 auxilia

93 2253 142 2299 ox
166 2235 335 2322 Hispania
355 2257 489 2322 quoque
512 2257 533 2302 a
551 2234 594 2302 P.
617 2237 777 2322 Scipione
797 2236 861 2303 M.¹
887 2236 987 2301 Livio
1006 2235 1112 2298 missa
1125 2232 1201 2317 qui·

93 2337 176 2404 dam
192 2339 235 2404 ad
251 2340 287 2405 id
303 2341 425 2406 bellurn
444 2345 598 2406 auctores
614 2349 714 2422 sunt3
740 2347 819 2406 octo
840 2339 946 2404 millia
963 2337 1200 2422 Hispanorum

94 2439 350 2528 Gallorumque,
367 2451 402 2509 et
423 2443 491 2508 duo
511 2442 619 2508 millia
640 2442 683 2507 de
706 2444 840 2527 legione
861 2439 1030 2520 militum,b
1050 2440 1200 2524 equitum

94 2542 202 2625 mille,
217 2547 364 2612 mixtos*
381 2545 550 2614 Numidas
568 2545 824 2632 Hispanosque.
868 2545 920 2611 Μ.
936 2545 1127 2610 Lucretium
1137 2541 1200 2606 bas

95 2649 219 2731 copias
234 2649 377 2715 navibus
397 2649 584 2716 adduxisse
596 2658 625 2717 :³
651 2656 685 2716 et
706 2650 957 2733 sagittariorum
977 2647 1200 2713 funditorum-

95 2770 166 2833 que
183 2750 226 2816 ad
242 2760 388 2836 quatuor
401 2752 509 2818 millia
523 2774 566 2819 ex
584 2752 703 2819 Sicilia
718 2752 757 2818 G.
775 2753 964 2819 Mamilium
979 2753 1126 2817 misisse.

141 2854 198 2919 39.
221 2852 399 2921 Auxerunt
417 2854 540 2922 Romae
563 2856 742 2921 tumultum
765 2855 876 2921 litera
894 2875 939 2919 ex
959 2854 1075 2919 Gallia
1089 2851 1200 2916 allatae

94 2958 141 3021 ab
158 2955 198 3022 L.
216 2956 366 3024 Porci04
379 2967 542 3042 praetore:
567 2959 840 3025 ‘Hasdrubalem
854 2960 1006 3024 movisse
1024 2976 1068 3022 ex
1082 2955 1201 3047 byberf

94 3062 161 3139 nis,
176 3062 292 3148 etjam
307 3062 415 3149 Alpes
432 3064 590 3144 transire3
611 3070 691 3129 octo
706 3065 810 3134 millia
830 3062 992 3146 Ligurum
1008 3058 1202 3141 conscripta

93 3262 376 3398 &memmium
386 3269 488 3315 remotos
497 3264 527 3315 ab
540 3264 599 3315 arbe
608 3262 675 3328 stan
687 3264 841 3317 Bruttiorum
855 3264 981 3329 prmedi:
999 3260 1153 3311 Bruttiorum
1162 3272 1202 3307 ιι-

96 3536 188 3601 Sigon.
197 3544 288 3589 camut
298 3554 362 3589 roca
372 3540 498 3591 dieu-2⁰
506 3542 547 3591 Νι
557 3546 687 3605 mergam
696 3542 757 3592 olim
767 3540 960 3607 legebatur-1
971 3538 1038 3589 Edd.
1049 3544 1110 3585 ante
1119 3534 1202 3585 Gron.

97 3610 190 3651 curent
198 3606 233 3665 ιδ
240 3604 278 3653 Μ.
286 3606 609 3669 ruteniam-wopam
622 3608 688 3657 Msa.
699 3608 835 3670 delegiorre,
845 3622 908 3667 nou,
917 3614 945 3655 nt
956 3604 1009 3659 alil.
1017 3606 1047 3653 dc
1056 3598 1205 3664 legionibus!

98 3666 212 3731 Rupert.
231 3668 367 3720 ‘erenam
378 3672 410 3720 ud
420 3672 466 3720 dac
476 3672 553 3721 millio
563 3674 593 3722 de
603 3674 695 3735 legione
705 3673 818 3733 militm,
838 3673 942 3737 equitata
957 3670 1023 3720 mille
1036 3664 1204 3727 utingeatos!

98 3732 163 3783 Pnt.
172 3735 246 3783 eldaa
253 3736 330 3785 taillia
340 3736 470 3797 deletione
479 3736 593 3798 militm
601 3738 708 3802 equiturn
719 3738 783 3787 atille
793 3737 891 3787 mittor.
909 3738 968 3787 Nee
976 3734 1044 3783 Pali.
1053 3742 1106 3781 tres
1115 3730 1204 3792 aliter,

96 3798 148 3847 nisi
160 3797 229 3861 quod
241 3814 307 3849 nnus
316 3808 345 3850 et
353 3802 429 3851 Voss.
439 3802 541 3865 aeqrtr'tera
550 3802 648 3853 decem'
660 3802 686 3855 J.
695 3804 725 3853 F.
735 3802 817 3853 Groo.
837 3801 1111 3859 scaramangas·
1120 3796 1203 3871 (ἔξω).

98 3862 347 3981 ΒοιιῇιιΜῦιιιῑε
366 3866 437 3917 Olim
449 3867 585 3931 legebatur
594 3868 729 3927 moesiam,
740 3876 769 3917 ot
781 3868 897 3919 llbenun.
919 3867 1004 3915 ‘blos
1015 3866 1047 3913 od
1063 3862 1112 3912 trin
1128 3861 1204 3912 ndu

98 3928 191 3993 optimi
234 3928 278 3980 aa!
319 3934 396 3995 apert.

595 4048 707 4101 NOTAE

129 4146 143 4173 ⁵
158 4138 351 4206 collegerat-e]
369 4144 475 4210 Supple,
483 4144 582 4209 dicens,
593 4148 631 4196 ni·
672 4148 749 4197 millia
762 4144 878 4211 peditum
892 4144 1066 4193 Rornanorum
1081 4137 1153 4188 duo:
1171 4144 1204 4185 rr

100 4218 193 4267 mirum
207 4218 294 4267 Livius
306 4222 404 4270 consul.
641 4278 644 4288 1
671 4238 779 4274 nurnero
796 4231 884 4273 autem
895 4222 1024 4271 sociorum
1036 4223 1082 4266 aut
1092 4213 1204 4264 condoc-

131 4296 143 4329 ὓ
161 4296 302 4347 Daourilliu
310 4300 339 4349 de
353 4300 445 4362 egeae
455 4301 570 4367 utilitum]
588 4302 632 4351 ln·
672 4302 798 4363 tltlorrrnr,
821 4300 923 4365 equites
941 4298 1022 4356 mille,
1043 4295 1088 4360 qui
1104 4293 1204 4358 pertint

100 4374 195 4437 telligit
211 4373 332 4425 detracta
342 4376 375 4427 de
387 4392 448 4441 ona,
461 4379 502 4428 rel
515 4380 632 4444 pluribus
676 4378 807 4434 Nrtnrldae,
819 4378 914 4444 partim
927 4374 1046 4441 Hispani·

100 4447 254 4515 legionibus,
273 4466 331 4517 quae
353 4452 379 4501 in
398 4452 526 4519 Hispania
548 4466 632 4512 erant,
