3259 5225
403 493 491 560 2³14
619 485 621 490 ’
871 511 906 557 τ.
930 511 1027 559 mvn

402 658 441 720 ut
454 653 696 738 Syracusarum
710 661 903 718 ornamenta
914 653 1135 738 aequaverint.
1168 653 1236 720 Sed
1251 653 1376 740 majore
1389 655 1498 721 auimo
1543 705 1557 740 ,

404 756 533 838 generis
548 757 622 842 ejus
637 755 751 841 proeda
766 755 930 820 abstinuit
945 755 1083 830 Fabius,
1096 775 1199 840 qnam
1212 756 1416 838 Marcellas3
1438 760 1500 842 qni

402 857 616 940 interroganti
630 858 851 941 scribmqmd
865 857 937 922 lieri
952 859 1054 942 signis
1066 860 1226 937 vellet,¹¹¹²
1241 861 1396 943 (ingentis
1406 880 1501 945 mag·

402 959 562 1026 nitudinis
583 959 642 1024 Dii
656 967 747 1038 snut,
769 979 834 1025 suo
850 960 995 1044 quisque
1010 960 1125 1026 habitu
1146 962 1180 1026 in
1204 961 1338 1027 modum
1353 982 1501 1046 pugnau-

402 1061 485 1127 tium
498 1059 647 1145 formati)
661 1062 756 1127 Deos
776 1061 882 1127 iratos
896 1061 1088 1127 Tarentinis
1105 1063 1245 1147 relinqui
1263 1065 1376 1149 jussit.
1422 1062 1500 1128 blu-

401 1181 459 1229 rus
481 1163 571 1244 iude,
594 1164 657 1248 qui
673 1155 794 1230 ¹urbem
809 1166 853 1229 ab
869 1183 947 1230 arce
962 1163 1150 1242 dirimebat,
1165 1166 1293 1232 dirutos
1305 1171 1359 1232 est
1374 1187 1416 1232 oo
1432 1168 1502 1233 dis·

397 1267 521 1352 jectua.
565 1261 656 1333 Dum
669 1266 745 1332 bueo
759 1267 899 1332 Tarenti
913 1273 1068 1350 aguntur,
1083 1267 1253 1334 Hannibal
1270 1271 1323 1350 iis,
1338 1273 1398 1353 qui
1409 1269 1501 1336 Gau-

402 1369 529 1434 louiam
552 1369 763 1449 obsidebant,
785 1369 821 1434 in
843 1370 1046 1435 deditionem
1061 1371 1224 1454 acceptis,
1239 1373 1502 1456 anditaoppug-

401 1474 535 1540 natione
548 1473 697 1548 Tarenti,
712 1473 787 1537 dies
801 1485 987 1558 noctesque
1001 1475 1127 1538 cursim
1148 1475 1278 1556 agmine
1299 1481 1388 1553 acto,
1411 1496 1502 1555 oum,

402 1575 563 1641 testinans
583 1574 626 1643 ad
648 1595 749 1659 opem
763 1575 942 1654 ferendam,
963 1582 1096 1660 captam
1114 1577 1226 1641 urbem
1242 1577 1412 1660 audisset3
1434 1579 1503 1645 ‘Et

402 1675 573 1756 Romani,'
591 1677 708 1761 iuquit,
726 1679 737 1712 ‘
745 1696 842 1742 suum
856 1677 1084 1743 Hannibalem
1098 1677 1236 1776 habept.
1279 1679 1503 1766 Eademque

402 1798 611 1864 ceperamus,
627 1775 699 1845 arte
713 1779 895 1845 Tarentum
909 1778 1107 1845 amisimus.’
1151 1780 1207 1846 Ne
1219 1788 1330 1847 tamen
1343 1783 1501 1866 fugientis

401 1883 501 1948 modo
512 1883 718 1947 convertisse
730 1901 849 1964 agmen
860 1882 1043 1960 videretur,
1055 1903 1121 1967 quo
1133 1885 1354 1950 constituerat
1363 1887 1502 1958 loco,¹³⁰

402 1984 674 2069 quinquemillia
694 1983 796 2049 terme
820 1987 864 2049 ab
888 1984 968 2049 urbe
992 1987 1108 2069 posuit
1129 1993 1253 2051 eastra.
1296 1987 1351 2052 lbi
1367 2007 1500 2072 paucos

401 2093 548 2152 moratus
563 2084 647 2165 dies,
665 2084 901 2172 Metapontum
916 2105 993 2151 sese
1007 2087 1143 2171 recepit
1186 2089 1272 2154 lude
1286 2089 1372 2156 duos
1387 2088 1501 2156 Meta-

858 2247 1042 2276 emovunt

402 2366 470 2418 ndu.
486 2368 570 2430 antiq.
590 2381 636 2430 pro
655 2368 875 2431 oeqsaroiatfli
901 2368 984 2418 Drak.
995 2369 1064 2431 conj.
1077 2368 1209 2430 scripsisse
1223 2368 1324 2420 Livium
1337 2369 1503 2431 interrogante

400 2433 478 2483 sertas
489 2446 535 2496 pro
546 2433 705 2494 interroganti
714 2432 808 2492 scriba,
819 2440 846 2481 et
857 2433 933 2495 prob.
945 2434 1072 2497 Doeriug.
1105 2433 1164 2485 ‘Cf-
1184 2435 1258 2485 Cort.
1272 2435 1304 2484 ad
1320 2435 1426 2484 Sallust.
1436 2434 1501 2498 Jug.

401 2510 521 2548 mm.
547 2499 687 2547 Burmann.
699 2497 730 2546 ad
739 2496 818 2547 Ouid.
829 2498 1254 2564 Met.v1u.752.etpluresalios,
1265 2500 1313 2564 qni,
1320 2514 1405 2549 aureae
1414 2499 1502 2548 aetatis

401 2564 543 2678 ⁴selriptores
554 2579 568 2641 .⁸
579 2562 709 2612 lucratione
721 2562 825 2641 ‘jubere
838 2564 915 2641 alieni
923 2561 1040 2677 {latiensi
1048 2565 1191 2643 plaoeles'se
1203 2563 1502 2678 docuerunt.’dl)seriag.

402 2629 1362 2757 sirtillttttitt‘attuit:attttltttltttttltlitut?
1379 2638 1501 2756 litat.

401 2759 486 2815 ‘Quid
515 2760 551 2807 eri
560 2758 637 2821 signis
643 2758 711 2808 sedet
722 2758 829 2821 ingentis
835 2758 1007 2820 martisia
1024 2760 1083 2823 (Dii
1092 2766 1149 2810 sant
1161 2770 1214 2810 eet.
1237 2760 1414 2823 distinguebat
1424 2759 1502 2809 Raet-

401 2822 461 2873 lioa.
505 2823 583 2888 liquid
593 2824 634 2871 lrle
645 2822 815 2884 depravatum
828 2824 870 2872 vel
878 2823 1000 2873 omissum
1011 2840 1077 2884 ease,
1085 2824 1282 2889 suspicabantur
1292 2828 1370 2875 cres.
1380 2835 1408 2874 et
1419 2824 1503 2875 bna.

401 2888 450 2939 Dii
460 2889 590 2965 (Deorum
603 2886 762 3003 signsgsant,
773 2902 825 2936 non
839 2893 918 2945 eruat,
928 2888 1231 2967 quia-exstitissesdbue
1244 2890 1312 2940 Livii
1322 2897 1401 2967 aetate
1411 2891 1501 2940 siden·

403 2962 453 3004 tur.
471 2954 653 3016 Domana-lt
699 2953 742 3001 lun
763 2951 901 3016 legebatur
922 2959 1072 3004 sonoram.
1089 2958 1256 3005 ‘Constant
1272 2955 1306 3005 al.
1324 2970 1377 3005 nou
1389 2954 1501 3021 improb.

898 3083 1006 3133 NOTAE

402 3182 485 3244 culus,
498 3181 575 3230 libris
594 3180 727 3230 Freneieis
738 3179 867 3243 argenteis
878 3185 930 3229 tre·
969 3180 1324 3246 ps’s'tosslsitqasl'osjitdss
1333 3190 1433 3236 atatam
1456 3184 1500 3235 lta

403 3261 504 3308 centies
515 3258 602 3306 tricies
621 3255 738 3306 centenis
756 3256 931 3321 septingentis
970 3259 1100 3315 meliores,
1111 3261 1254 3322 elegantius
1265 3277 1342 3327 quarn
1358 3276 1418 3312 enm
1429 3264 1499 3326 vulg.

402 3348 434 3383 ae
460 3331 553 3397 viginti
579 3331 713 3381 millibus:
747 3328 931 3397 (nttsooool.)
970 3334 1307 3400 qaidfleridssigaisoeliet.

401 3424 459 3476 qaue
477 3423 576 3459 summa
595 3416 716 3472 suspecta
735 3417 777 3458 est
790 3408 932 3460 Glareaue·
1005 3418 1018 3444 ⁰
1034 3411 1088 3467 Quo
1103 3413 1259 3470 mutilarunt
1269 3414 1331 3478 taso]
1349 3412 1437 3477 Vulgo
1453 3428 1499 3477 qao

401 3487 488 3539 Quare
498 3486 536 3535 sie
545 3484 723 3549 interpuugit:
735 3483 931 3545 Argentioisia·
971 3489 1110 3538 mutirent
1128 3491 1193 3541 taes:
1210 3490 1256 3540 sed
1277 3492 1305 3540 in
1322 3490 1430 3554 optimis
1448 3498 1499 3554 est,

399 3576 468 3627 geas,
474 3562 540 3624 sorti
549 3562 685 3625 siastique
692 3562 746 3611 arari
754 3560 868 3612 LXXX
870 3559 932 3613 vll.
971 3579 1015 3627 pao
1025 3565 1179 3615 maddserst
1189 3566 1240 3615 lars
1246 3582 1258 3624 ,·
1273 3565 1342 3629 quod
1353 3564 1438 3615 Grou.
1456 3579 1500 3615 no·

398 3643 487 3705 pundo,
501 3646 533 3691 ut
549 3639 597 3689 hoe
615 3652 714 3695 tutum.
734 3652 786 3688 ¹¹⁰¹!
805 3645 888 3689 totum
905 3638 931 3686 iu
972 3648 1029 3692 tat:
1046 3642 1073 3691 id
1085 3649 1134 3700 est,
1144 3656 1176 3691 eo
1190 3643 1248 3692 loeo
1263 3642 1308 3693 ubi
1319 3643 1375 3705 jam
1393 3656 1454 3693 suos
1466 3642 1500 3693 ad

400 3717 512 3782 peeuuia
522 3722 657 3765 numerata
669 3712 760 3778 fuerit,
769 3713 814 3763 sed
826 3728 877 3765 nou
885 3714 931 3763 nt·
971 3717 1099 3768 modicam
1107 3719 1221 3783 quietem
1230 3726 1366 3771 statuerat.
1393 3720 1435 3770 lta
1442 3720 1500 3770 Sal·

400 3794 470 3844 ulma
480 3806 513 3842 ea
529 3797 606 3856 parte
625 3790 652 3839 in
663 3792 742 3847 rasis,
755 3790 866 3848 annulis,
878 3797 931 3840 tor·
972 3794 1034 3845 lust.
1046 3794 1106 3844 Bel.
1116 3793 1239 3859 Jsgsun.
1254 3810 1280 3845 e.
1290 3797 1332 3844 40.
1341 3794 1450 3859 loquens
1465 3794 1500 3846 de

400 3870 503 3935 quibus,
514 3866 635 3933 omnique
653 3866 879 3917 instrumentorum
891 3874 931 3917 at·
972 3870 1096 3920 Metello:
1113 3870 1195 3921 ‘dein
1217 3870 1289 3921 brevi
1306 3872 1418 3934 coguitis
1437 3872 1500 3922 insi·

400 3960 450 4012 que
472 3952 680 3999 ornamentorum
708 3958 812 4008 genere.
856 3944 928 3994 Plut.
971 3946 1029 4004 diis,
1038 3947 1170 4012 paulisper
1186 3961 1279 4011 agmen
1288 3948 1441 3998 ooastitnit.’
1464 3948 1500 4001 Et

400 4022 515 4087 predam
530 4021 696 4071 Tarentinam
716 4021 863 4071 universam
884 4022 930 4070 tri·
971 4024 1068 4073 Noster
1075 4025 1121 4074 lib.
1131 4036 1171 4073 rx.
1181 4024 1223 4073 nbi
1238 4025 1310 4073 ‘com
1320 4024 1501 4076 constituisset

401 4102 450 4154 bus
471 4100 584 4151 millibus
616 4100 772 4149 talentorum
796 4100 928 4151 aestimat:
970 4100 1117 4152 Romanos.'
1151 4101 1296 4151 Fatendum
1309 4110 1450 4153 tamenest
1466 4103 1500 4154 ab

400 4191 458 4242 que
470 4190 521 4227 uon
533 4177 602 4226 ultra
612 4175 762 4240 septuagies
772 4183 884 4226 centena
900 4183 929 4227 et
969 4180 1081 4243 baoipaa
1091 4180 1221 4228 mnteutia
1230 4192 1278 4227 uon
1288 4178 1360 4228 abire
1368 4180 1499 4243 vulgarem

401 4254 515 4304 ducenta
530 4254 612 4304 millia
627 4254 747 4305 librarum
759 4259 930 4305 excurrerent
969 4256 1122 4305 lectionem:
1150 4253 1220 4304 idem
1244 4254 1312 4303 enirn
1334 4268 1428 4305 resera
1447 4262 1501 4319 est,

401 4329 557 4399 (radbodo).
969 4332 1056 4397 alipio
1066 4331 1125 4382 loeo
1138 4345 1196 4381 enm
1213 4331 1332 4381 exercitu
1347 4332 1501 4397 consistere,

436 4416 448 4443 ⁸
466 4409 531 4465 Quia
543 4410 603 4473 fieri
616 4410 694 4475 signis
715 4410 796 4476 uellet]
813 4409 883 4462 Gall.
896 4413 930 4464 cs
969 4408 1092 4475 etaliquo
1103 4407 1311 4460 loeoesereitnm
1320 4410 1490 4462 eonstituers.
