3259 5225
515 465 588 516 mu.
612 464 743 514 xxvrr.
767 465 849 514 cnr.
870 449 928 515 44.
1177 444 1265 512 2373

162 611 350 678 exercitum
379 611 540 677 ducturus
566 617 648 690 erat,
671 615 712 677 'ut
737 630 854 677 omnes
875 629 921 676 ex
943 609 1031 693 agris
1054 609 1261 692 urbibusque

161 721 370 780 commeatus
387 721 522 799 paratos
541 715 638 779 militi
659 714 701 778 ad
716 712 922 778 vescendum
937 713 971 777 in
985 713 1073 776 viam
1089 711 1262 789 deferrent,

162 835 272 898 equos
286 815 509 902 jumentaque
524 817 592 882 alia
607 816 846 902 producerent,
859 823 896 880 ut
915 815 1145 898 vehiculorum
1160 814 1261 878 fessis

162 919 264 1000 copia
274 927 375 983 esset.
397 919 478 1002 lpse
491 920 532 984 de
543 926 612 986 loto
623 918 774 984 exercitu
785 917 908 983 civium
916 919 1162 1000 sociorumque,
1172 917 1263 1000 quod

159 1021 290 1084 roboris
304 1027 386 1099 erat,
401 1021 537 1104 delegit,
552 1042 616 1086 sex
630 1022 734 1086 millia
746 1021 911 1107 peditum,
924 1021 1013 1086 mille
1022 1021 1174 1105 equites:
1189 1039 1262 1103 pro·

160 1125 310 1203 nuntiat,
334 1144 500 1210 occupare
520 1145 558 1189 se
582 1125 616 1189 in
637 1123 787 1190 Lucanis
807 1125 996 1207 proximam
1020 1124 1133 1187 urbem
1157 1121 1263 1187 Paui-

160 1245 306 1310 cumque
332 1228 365 1292 in
390 1248 431 1292 ea
453 1227 647 1312 praesidium
671 1227 776 1308 velle3
798 1234 839 1291 ut
860 1227 903 1290 ad
925 1227 989 1291 iter
1012 1227 1123 1310 parati
1147 1245 1263 1290 omnes

160 1337 286 1394 essent.
331 1326 506 1396 Profectus
535 1337 634 1396 nocte
659 1329 757 1395 flexit
786 1331 821 1394 in
850 1328 1058 1410 Picenum·
1082 1337 1117 1392 et
1142 1329 1262 1394 consul

160 1433 312 1516 quidem,
328 1434 460 1517 quantis
478 1434 638 1498 maximis
661 1433 834 1497 itineribus
849 1437 1023 1516 potetate*
1037 1431 1081 1496 ad
1095 1430 1261 1512 collegam

159 1535 321 1613 ducebat,
334 1537 453 1602 relicto
466 1534 510 1614 Q.
526 1536 629 1601 Catio
644 1535 765 1618 legato,
781 1535 840 1619 qui
853 1535 976 1600 castris
991 1539 1165 1617 praeesset.

204 1639 258 1702 44.
281 1636 403 1704 Romae
421 1637 509 1702 baud
531 1640 639 1702 minus
659 1639 792 1702 terroris
813 1656 854 1700 uc
876 1635 1042 1700 tumultus
1063 1641 1147 1726 erat,
1163 1655 1260 1718 qoam

159 1739 271 1805 fuerat
291 1741 462 1805 biennio¹⁵
485 1737 588 1816 antel'
603 1759 679 1804 cum
699 1747 812 1805 castra
835 1737 968 1809 Punica
982 1737 1119 1822 objecta
1135 1736 1263 1804 Rorna-

158 1833 392 1908 nis'nioenibus
406 1845 583 1927 portisque
594 1843 744 1922 fuerant3
768 1861 877 1925 neque
892 1841 978 1906 satis
993 1841 1176 1906 constabat
1190 1843 1263 1905 ani·

157 1945 238 2023 mis,
268 1954 338 2010 tam
367 1947 481 2011 audax
510 1947 575 2011 iter
603 1945 753 2011 consulis
781 1944 958 2009 laudarent
982 1944 1262 2028 vituperareutne.

158 2045 360 2132 Apparebat
372 2047 457 2136 (qno
471 2049 553 2113 nibil
569 2048 716 2132 iniquius
731 2044 801 2130 est)
816 2067 860 2112 ex
881 2054 1002 2111 eventu
1022 2045 1146 2112 famam
1167 2045 1263 2111 babi-

158 2153 281 2214 tururn.
336 2150 480 2216 ‘Caetra
510 2170 615 2236 prope
644 2148 869 2215 Hannibalem
895 2151 1023 2215 bostem
1049 2149 1166 2214 relicta
1189 2148 1263 2213 sine

159 2250 248 2316 duce
270 2272 347 2318 cum
369 2254 535 2330 exercitu,
546 2254 607 2318 cui
628 2252 811 2318 detractum
827 2252 916 2316 soret
930 2271 1041 2331 omno,
1057 2251 1147 2336 quod
1163 2251 1262 2317 robo-

159 2353 221 2431 ris,
234 2355 326 2438 quod
349 2355 441 2420 floris
462 2355 577 2437 scerit3
599 2362 633 2421 et
652 2355 821 2421 consulem
841 2357 876 2418 in
897 2353 1056 2419 Lucanos
1074 2353 1263 2421 ostendisse

158 2455 234 2534 iter,
249 2475 324 2522 cum
345 2458 504 2524 Picenum
520 2467 555 2523 et
570 2458 717 2524 Galliam
732 2464 875 2542 peteret,
890 2469 1001 2523 castra
1019 2458 1262 2541 relinquentem
1322 2520 1326 2526 .

159 2557 255 2623 nulla
278 2559 344 2625 alia
366 2579 402 2625 re
423 2562 558 2638 tutiora,
574 2580 674 2645 quam
696 2578 805 2626 errore
825 2560 946 2640 bostis,
961 2561 1019 2645 qui
1039 2559 1158 2625 ducem
1181 2561 1262 2626 indo

159 2670 262 2744 atque
275 2665 447 2729 exercitus
463 2671 591 2747 partem
606 2664 725 2729 abesse
735 2662 761 2705 ¹⁶
775 2665 952 2747 ignoraret
992 2661 1084 2741 Quid
1100 2664 1261 2740 futurum,

160 2766 192 2826 si
208 2763 243 2828 id
259 2765 370 2847 palam
385 2765 458 2844 fiat,
474 2774 505 2831 et
520 2775 578 2832 aut
591 2768 724 2851 insequi
741 2766 924 2844 Neronem,
940 2786 1016 2832 cum
1035 2786 1098 2831 sex
1112 2766 1261 2831 millibus

159 2873 362 2932 armatorum
390 2870 588 2952 proiectum,
614 2868 788 2935 Hannibal
814 2876 886 2935 toto
910 2870 1071 2934 exercitu,
1085 2868 1179 2947 velit,
1201 2856 1263 2933 aut

160 2974 275 3034 castra
297 2970 466 3050 invadere,
482 2972 605 3055 praedae
628 2972 759 3050 relicta,
775 2972 847 3037 sine
868 2972 1005 3044 viribus,
1020 2972 1093 3035 siue
1108 2972 1261 3056 imperio,

160 3070 237 3135 sine
260 3072 474 3155 auspiciol’⁶
519 3074 662 3141 Veteres
684 3074 757 3157 ejus
779 3074 857 3139 belli
879 3073 1006 3152 clades,
1022 3074 1090 3140 duo
1104 3074 1262 3139 consules

194 3246 207 3271 ⁰
225 3240 349 3291 Conuenit
359 3242 407 3291 iter
417 3242 534 3293 Picenum
544 3257 634 3294 uersas.

617 3370 801 3393 ΝΜΟ,

159 3473 193 3519 12
210 3468 296 3518 Assem
308 3470 389 3520 Gran.
401 3472 662 3536 conjacenti-21³
680 3466 963 3530 lnEddsuteSigou.
981 3466 1154 3525 Ferentinum
1170 3472 1264 3517 stret.

159 3534 206 3581 lib.
218 3534 355 3596 spudenm
368 3536 536 3587 Ferentuuum.
536 3542 600 3587 -14
617 3536 856 3588 Poterutitiseribss
866 3534 948 3585 Grou.
960 3532 1069 3596 Donjst.
1086 3534 1162 3583 cres.
1197 3533 1262 3582 lilox

159 3595 207 3647 inf.
221 3600 316 3651 voluat.
329 3612 389 3649 anre
402 3604 490 3665 Sigon.
502 3603 623 3659 lectioQ.
638 3603 716 3651 Tatio.

195 3668 225 3713 1⁵
244 3664 301 3713 ‘rP
303 3665 422 3714 obtunsio
435 3669 484 3731 leg.
495 3667 666 3730 quadriennio,·
682 3666 791 3716 uisam
803 3664 888 3715 Drsk.
904 3663 986 3713 Immo
998 3661 1143 3720 tricesimi
1156 3674 1205 3709 non
1216 3674 1262 3709 nu-

159 3740 295 3779 merantur
306 3740 434 3789 extrema
445 3740 472 3781 et
484 3746 649 3797 quinquertium
664 3746 686 3780 ιι
698 3744 786 3781 eorum
799 3730 867 3779 rano
877 3729 1006 3788 babetur
1023 3726 1110 3777 Cres!
1127 3726 1263 3789 Bapeni.-

655 3862 762 3913 NOTAE

191 3962 206 3989 ⁵
221 3956 273 4007 Per
289 3972 373 4021 ogram
391 3956 539 4017 lactantem,
554 3960 607 4024 irc]
624 3960 691 4011 llaec
730 3957 877 4007 drisnniuru
888 3957 955 4018 erit;
972 3970 1039 4005 anno
1056 3954 1123 4003 enlm
1141 3958 1199 4003 542.
1219 3967 1263 4002 se·

157 4034 248 4083 omnis
261 4032 362 4083 urbium
382 4046 426 4084 aut
445 4037 596 4099 populorum
616 4050 691 4085 voca·
731 4035 985 4088 cesssrstllenuibsl
996 4034 1029 4084 sd
1041 4034 1130 4084 urbem
1140 4034 1262 4097 spetibe·

158 4110 233 4169 buls‚
245 4112 414 4174 explicuimus
426 4116 458 4162 ud
473 4115 603 4165 Decedem
617 4130 635 4165 r.
731 4114 821 4163 raude
833 4114 940 4177 crpus.

192 4186 326 4238 blir'euuio
343 4192 413 4255 uate]
437 4192 519 4241 Pleno
537 4194 648 4253 scilicet,
664 4199 692 4244 et
764 4200 775 4227 ⁰
792 4190 975 4255 Smeumpieio]
994 4189 1118 4254 Auspicis
1129 4190 1197 4237 enim
1209 4203 1264 4239 ma·

157 4268 283 4316 extremis
299 4266 359 4317 binc
376 4268 437 4317 inde
448 4270 521 4319 antris
533 4284 583 4319 non
595 4284 691 4319 connu-
732 4268 885 4333 gistratuum
898 4276 980 4324 eraut,
992 4275 1021 4316 ut
1032 4267 1073 4316 iric
1083 4266 1207 4327 consalin,
1216 4263 1261 4327 qui

158 4344 287 4395 meracis:
305 4345 348 4408 qui
372 4346 393 4393 si
416 4353 608 4410 conspuuntur,
629 4360 692 4411 qus·
731 4346 903 4397 abscesserat.
928 4343 1100 4394 Nibilsotem
1112 4356 1213 4405 magna
1224 4340 1262 4389 rei
1384 4352 1388 4359 ·
