3259 5225
455 558 542 625 2114
925 573 960 621 u.
982 570 1078 621 nuru

455 719 489 784 ei
510 718 585 783 sine
610 716 786 783 multorum
808 714 958 798 pernicie
982 736 1049 781 uon
1074 720 1216 801 posset·
1248 713 1449 782 Exanimem
1470 732 1544 779 eum

455 820 560 905 Mago
574 818 745 903 extemplo
760 818 805 909 ad
817 818 1047 885 Hannibalem
1061 819 1164 898 misit,
1181 819 1329 904 ponique
1344 838 1422 884 oum
1436 818 1545 903 captis

454 922 557 989 simul
571 922 719 989 fascibus
735 927 811 986 aute
823 922 971 987 tribuual
985 923 1195 1005 imperatoris
1206 922 1322 1007 jussit.
1366 922 1455 987 Haeo
1468 940 1546 986 vera

453 1026 544 1091 fama
566 1032 630 1091 est.
673 1023 850 1091 Gracchus
868 1025 905 1090 in
925 1025 1077 1091 Lucanis
1100 1026 1145 1092 ad
1170 1027 1392 1110 campos,qui
1408 1024 1546 1091 Veteres

453 1135 626 1205 vocantur,
641 1127 751 1211 periit.

496 1230 550 1295 17.
573 1229 672 1308 Sunt,
686 1228 744 1313 qui
759 1228 792 1293 in
807 1246 892 1312 agro
906 1227 1154 1309 Beneventano,
1166 1250 1271 1315 prope
1283 1228 1437 1296 Calorem
1451 1227 1545 1293 fluvi-

452 1338 536 1410 um,¹¹
557 1331 780 1410 ostendant,¹²
790 1340 804 1369 ¹
826 1334 980 1398 acastris
992 1352 1066 1399 cum
1081 1334 1255 1400 lictoribus
1270 1352 1311 1399 ao
1324 1332 1431 1397 tribus
1440 1329 1545 1395 serris

451 1434 588 1501 lavandi
606 1453 713 1499 causa
736 1452 961 1517 progressum,
978 1456 1054 1501 cum
1076 1436 1162 1501 sorte
1181 1437 1266 1501 inter
1287 1434 1409 1501 salicta
1430 1434 1547 1500 innata

450 1538 536 1622 ripis
547 1536 689 1603 laterent
701 1537 828 1618 hostes,
839 1537 964 1601 nudum
979 1544 1084 1622 atque
1099 1540 1269 1617 inermem,
1281 1538 1459 1621 saxisque,
1470 1552 1545 1621 qum

451 1640 558 1706 voluit
572 1640 692 1718 amnia,
706 1647 979 1723 propugnantem,
997 1641 1218 1708 interfectum.
1261 1640 1362 1716 Sunt,
1378 1638 1438 1723 qui
1451 1637 1546 1702 barn·

453 1741 586 1826 spicum
601 1741 730 1807 monitu
747 1740 949 1825 quingentos
957 1762 1084 1826 passus
1098 1762 1120 1807 a
1130 1742 1250 1808 nastris
1258 1758 1485 1826 progressum,
1497 1738 1546 1805 uti

437 1844 529 1909 loco
540 1850 564 1891 ¹³
587 1850 695 1929 puro’
718 1862 770 1923 ea,
785 1862 864 1927 quse
878 1850 953 1911 aute
967 1843 1060 1909 dicta
1072 1842 1226 1929 prodigia
1239 1850 1329 1919 sunt,
1342 1848 1545 1928 procuraret,

451 1949 495 2013 ab
508 1946 733 2011 insidentibus
746 1944 832 2011 sorte
843 1945 955 2011 locum
970 1946 1104 2012 duabus
1116 1947 1235 2013 turmis
1247 1944 1473 2011 Numidarum
1486 1944 1546 2009 cir·

450 2054 662 2115 eumventum
675 2049 831 2114 scribant.
873 2047 972 2115 Adeo
987 2068 1050 2116 neo
1069 2050 1174 2126 loeus,
1193 2048 1357 2115 usuratio
1371 2046 1502 2124 mortis,
1511 2046 1545 2112 iu

451 2152 523 2217 viro
537 2160 603 2218 tarn
620 2151 710 2216 claro
727 2156 760 2215 et
774 2152 895 2233 insigni
911 2158 1060 2218 constat.
1090 2152 1231 2219 Funeris
1246 2169 1383 2237 quoque
1398 2148 1546 2215 Graccbi

451 2253 546 2321 varia
568 2260 657 2319 est¹⁴
677 2252 779 2319 sama.
822 2252 894 2320 Alii
918 2255 952 2320 in
976 2255 1098 2321 eastris
1121 2255 1289 2321 Rornarns
1312 2252 1479 2337 sepultum
1502 2250 1545 2316 ab

449 2356 533 2437 suis,
548 2357 607 2423 alii
621 2358 665 2423 ab
681 2356 879 2423 Hannibale
899 2355 952 2443 (et
965 2376 1009 2423 ea
1023 2358 1195 2441 vulgatior
1214 2357 1304 2422 sama
1324 2352 1395 2440 est)
1414 2352 1545 2419 tradunt

449 2460 483 2525 in
496 2459 663 2525 vestibulo
674 2459 878 2525 Punicorum
893 2466 1075 2527 castrorum
1088 2480 1204 2545 rogum
1220 2464 1428 2525 exstructum
1448 2457 1546 2522 assei

449 2567 608 2629 armatum
623 2562 805 2629 exereitum
820 2561 1091 2629 deuncunisse¹5
1105 2582 1183 2630 oum
1196 2560 1356 2646 tripudiis
1372 2560 1544 2646 Hispano·

447 2683 532 2745 rum,
547 2665 764 2750 motibusque
779 2685 945 2731 armorum
961 2674 997 2732 et
1016 2685 1202 2752 oorponrm,
1226 2683 1298 2731 susa
1312 2664 1438 2748 cuique
1456 2659 1544 2745 genti

447 2766 634 2846 assuetis,¹⁶
647 2769 722 2852 ipso
737 2768 932 2836 Hannibale
947 2769 1038 2834 omni
1048 2789 1159 2835 rerum
1167 2769 1407 2852 verborumque
1415 2763 1544 2830 bonore

448 2869 613 2954 exequias
640 2871 838 2936 celebrante.
892 2870 981 2937 Haeo
1010 2871 1157 2950 tradunt,
1180 2873 1240 2955 qui
1264 2871 1300 2935 in
1326 2868 1476 2934 Lucanis
1497 2863 1544 2930 rei

448 2977 552 3054 gata
566 2981 723 3038 auctores
739 2977 828 3038 sunt.
871 2972 910 3038 si
924 2973 1006 3052 illis,
1026 2973 1087 3060 qui
1101 2974 1146 3041 ad
1159 2972 1313 3040 Calorem
1330 2971 1473 3038 fluvium
1496 2969 1541 3033 in·

905 3153 1087 3176 ΜΝΟΟΙΜ

480 3265 512 3314 12
527 3265 718 3344 Couj3Ruben.
734 3272 952 3346 osteum—lt
968 3273 1032 3325 beo
1049 3273 1123 3324 abest
1140 3285 1157 3322 ι
1174 3270 1229 3348 bis.
1250 3267 1375 3321 cantabr.
1391 3265 1468 3343 prob.
1486 3264 1543 3319 διε.

446 3327 530 3380 Grou.
553 3340 581 3379 ut
603 3334 686 3382 rutelt.
696 3333 806 3398 flemene·
838 3337 918 3387 Forte
940 3338 991 3403 leg.
1005 3342 1139 3403 prm-1⁴
1155 3336 1268 3390 Quadam
1283 3332 1360 3385 eudo.
1377 3336 1503 3382 omittunt
1514 3327 1544 3378 rb

443 3395 713 3519 {aliisueffm
722 3399 790 3450 Edd-
806 3409 868 3452 aute
880 3402 964 3455 Drak.
980 3411 1008 3454 et
1027 3403 1132 3468 plurimi
1149 3401 1281 3452 Mra-lu
1297 3400 1372 3450 Voss.
1387 3411 1438 3447 m
1448 3397 1543 3461 onim

939 3594 1048 3648 ΝΟΜ

477 3687 586 3750 uum
598 3689 718 3760 ‚ouum
730 3689 779 3754 n]
803 3691 858 3743 ure
880 3693 973 3753 murs,
1045 3695 1137 3746 sna
1149 3691 1223 3758 μω]
1239 3689 1292 3741 Hic
1306 3687 1542 3754 mire-¹¹¹²·

444 3762 536 3813 eodem
553 3762 636 3816 adhue
652 3769 755 3816 nomine
771 3767 868 3834 dietus,
884 3771 910 3821 iu
926 3772 972 3822 Se·
1014 3772 1097 3836 picari
1118 3773 1175 3837 quir
1195 3774 1286 3834 posset
1305 3766 1340 3816 de
1360 3779 1394 3815 eo
1416 3763 1478 3825 diei,
1497 3763 1542 3828 qui

444 3829 533 3889 batum
549 3839 643 3905 influit,
653 3843 698 3907 qni
715 3843 810 3893 labitur
825 3845 853 3894 in
866 3847 973 3898 Vultur-
1013 3848 1155 3912 opponitur
1164 3845 1293 3910 religioso,
1306 3843 1333 3893 ln
1345 3854 1421 3907 quern
1432 3840 1542 3890 eadere·

444 3927 516 3964 num.
1013 3938 1043 3974 η
1053 3925 1126 3973 illata
1136 3929 1206 3986 suut,
1217 3921 1286 3986 (siue
1298 3919 1390 3984 quibus
1402 3917 1444 3968 vix
1456 3926 1542 3968 eastra

475 3999 488 4025 ¹
507 3992 653 4056 ostendunt]
671 3993 772 4045 Ruben-
784 3997 974 4063 surpimturub
1012 4000 1140 4066 inerint3)
1152 4001 1195 4051 vel
1204 4000 1278 4054 elias,
1289 3997 1542 4062 sanguiuepolluter

444 4067 559 4120 Auctore
577 4068 658 4120 fuisse
677 4073 801 4136 scriptum
822 4078 973 4130 madunt.
1012 4077 1058 4127 sed
1075 4079 1160 4127 verior
1176 4074 1333 4140 significatio
1349 4079 1400 4134 ert,
1415 4079 1446 4123 ut
1462 4087 1541 4138 purus

442 4146 494 4195 Sed
507 4161 591 4211 neque
601 4147 639 4196 his
652 4164 744 4212 magna
754 4156 910 4205 mamm
919 4170 974 4206 ura·
1012 4153 1116 4204 dicetur
1126 4155 1205 4209 loeus,
1224 4152 1251 4201 iu
1262 4165 1314 4216 quo
1330 4148 1502 4210 alludebant,
1512 4155 1542 4199 et

442 4224 519 4273 teria.
554 4227 588 4274 Et
603 4228 725 4279 ortmdm
740 4230 880 4296 aliquando
894 4234 972 4284 sumi·
1011 4231 1056 4296 qui
1076 4230 1148 4280 nulla
1165 4244 1194 4279 re
1215 4231 1366 4289 occupatur,
1383 4238 1441 4288 quae
1458 4225 1540 4273 nisum

442 4305 486 4348 tur
497 4313 545 4364 pru
555 4299 698 4366 declarare,
709 4311 736 4354 et
753 4307 883 4358 narrando
893 4308 971 4370 signi·
1011 4305 1148 4373 impediet,
1168 4313 1200 4356 nt
1221 4303 1290 4369 apud
1313 4302 1407 4351 Horat
1431 4302 1540 4350 ‘rerem

442 4373 532 4436 lirare,
543 4383 572 4425 ut
583 4377 652 4440 apud
666 4377 751 4430 Pleut.
764 4381 791 4430 in
803 4381 876 4434 Asin.
898 4384 973 4439 ‘Tua
1011 4385 1091 4435 Pnroe
1102 4391 1162 4433 suut
1173 4384 1278 4448 platee,
1289 4378 1353 4430 nibil
1369 4384 1399 4429 ut
1414 4377 1541 4428 meditan-

440 4453 559 4504 oratione
570 4454 682 4506 animum
693 4457 831 4510 ostendisti
847 4461 941 4513 tuum.’
1011 4461 1082 4512 tibus
1091 4457 1179 4511 obsit?
