3259 5225
417 594 506 662 2172
884 609 920 658 r.
943 608 1039 658 srvu

417 755 509 820 acies
528 773 571 818 ex
597 751 744 837 equitatu
767 757 904 836 repente
926 752 961 816 iu
979 752 1126 818 bostium
1144 751 1277 838 equites
1295 749 1443 832 incurrit,
1458 751 1517 837 ja·

418 858 562 940 ouiaquo
574 874 652 921 oum
667 857 793 938 impetu
808 855 878 920 ulis
892 875 992 940 super
1002 855 1070 921 aliu
1080 855 1246 920 emittunt.
1289 853 1426 934 Quibus
1441 855 1517 938 plu·

417 960 513 1024 rimis
532 959 568 1022 in
586 975 693 1042 equos
703 958 860 1042 virosque
874 959 1001 1042 passim
1012 957 1175 1044 conjectis
1196 957 1382 1044 permultos
1397 957 1516 1022 vulue-

417 1067 594 1125 rsverunt:
616 1061 753 1142 pavoris
767 1065 883 1124 tamen
898 1059 975 1144 plus
989 1079 1033 1124 ex
1048 1079 1085 1126 re
1103 1079 1192 1126 nora
1211 1067 1314 1144 atque
1340 1059 1516 1142 inopinata

416 1161 576 1245 injectum
588 1167 652 1238 est,
665 1167 700 1226 et
715 1161 750 1224 in
765 1162 954 1244 perculsum
968 1161 1104 1228 hostem
1118 1163 1247 1246 equites
1261 1162 1386 1226 invecti
1401 1161 1516 1244 togam

417 1271 628 1348 stragemque
642 1282 757 1328 eorum
771 1283 879 1348 usque
895 1263 941 1330 ad
955 1271 1069 1348 portus
1079 1264 1238 1330 fecerunt.
1262 1263 1345 1328 Inde
1358 1265 1514 1347 equitatu

416 1387 551 1452 quoque
565 1367 720 1451 superior
730 1365 884 1432 Romanu
898 1375 976 1431 res⁷
996 1366 1068 1432 fuit.
1111 1365 1322 1444 Institutum,
1333 1373 1376 1431 ut
1390 1365 1514 1430 velites

414 1469 451 1533 in
463 1469 652 1552 legionibus
668 1469 807 1535 esseut!
852 1469 1035 1536 Auctorem
1044 1470 1195 1554 peditum
1207 1469 1310 1554 equiti
1325 1469 1513 1534 immiscen-

415 1570 535 1636 dorum
561 1571 788 1636 eenturionem
813 1569 859 1650 Q.
876 1572 1048 1638 Narium⁹
1069 1572 1189 1650 ierunt,
1210 1571 1398 1654 honorique
1421 1569 1456 1633 ia
1480 1569 1513 1633 ei

416 1673 509 1756 apud
524 1673 759 1757 imperatorem
773 1672 888 1738 fuisse.

456 1777 490 1840 5.
512 1775 599 1840 Cum
611 1777 647 1840 in
658 1775 725 1840 boo
738 1783 832 1841 statu
847 1777 891 1841 sd
900 1774 1054 1861 Capuam
1069 1795 1123 1840 res
1138 1782 1266 1854 esseut,
1282 1774 1515 1840 Hannibalem

415 1877 584 1943 diversum
596 1886 647 1926 ¹⁰¹¹
660 1877 852 1942 Tarentinae
868 1880 956 1942 arcis
970 1877 1142 1961 potiundae
1158 1876 1353 1962 Gapuaeque
1369 1879 1513 1940 retinen-

416 1980 470 2046 doe
493 1980 671 2046 trabebant
694 1999 796 2045 ourae.
840 1979 934 2045 Viuit
956 1987 1065 2044 umen
1095 1987 1272 2064 respectus
1299 1978 1457 2063 Capuae:
1479 1979 1512 2042 iu

414 2100 518 2166 quern
546 2085 694 2148 omnium
723 2085 894 2148 sociorum
918 2083 1135 2166 boetiumque
1164 2101 1349 2147 conversos
1374 2079 1514 2145 videbat

414 2184 568 2264 euimos;
590 2183 794 2249 documento
820 2184 953 2262 futurae,
969 2185 1248 2269 qualemcumque
1272 2191 1429 2248 eventum
1453 2183 1515 2248 de-

415 2285 521 2352 sectio
532 2287 576 2351 ab
587 2284 775 2352 Romanis·
794 2287 980 2352 habuisset.
1024 2286 1132 2370 Igitur
1152 2305 1273 2370 magus
1287 2293 1383 2371 purte
1402 2285 1513 2368 irnpe-

414 2387 637 2454 ‹iimentorunr
652 2390 771 2455 reiiota
784 2391 820 2456 in
836 2390 979 2455 Bruttiis
1000 2395 1035 2456 et
1057 2387 1146 2454 omui
1168 2389 1316 2472 graviore
1341 2395 1512 2466 armatu,¹¹

412 2509 490 2578 eum
511 2490 655 2557 delectis
674 2491 822 2577 peditum
847 2494 1074 2577 equitumque,
1090 2510 1191 2576 quem
1215 2497 1348 2576 poterat
1369 2489 1512 2575 aptissi-

413 2593 479 2657 mis
493 2593 538 2659 ad
551 2593 787 2660 maturandum
799 2596 873 2671 iter,
886 2595 920 2659 in
937 2592 1154 2679 Campaniam
1170 2591 1358 2659 contendit.
1394 2592 1513 2657 Seuuti

414 2698 739 2783 tamentumreptim
747 2703 881 2763 euntem
891 2704 959 2763 tres
967 2695 1330 2781 ettrigiutuelepbanti.
1367 2694 1512 2761 Inralle

871 2859 1051 2884 mum

409 2965 580 3025 munst.
609 2961 644 3009 Et
659 2960 700 3011 sbi
717 2961 806 3011 ιιι-7
823 2960 885 3010 Pot.
902 2959 1007 3024 aperior
1028 2960 1136 3011 Βοιιιιι
1150 2975 1190 3011 rer
1206 2960 1336 3023 proruis.
1350 2952 1382 3008 R.
1393 2958 1474 3017 seim
1486 2966 1515 3009 et

465 3026 489 3073 to
501 3032 561 3074 oute
568 3027 687 3088 pedeuris
695 3026 751 3075 iaie
762 3030 858 3076 ree-S
876 3026 986 3089 Rupert.
997 3028 1065 3090 conj.
1075 3034 1103 3077 at
1112 3027 1194 3077 muta
1202 3026 1228 3076 u
1240 3025 1310 3075 retii
1319 3026 1359 3074 rei
1368 3024 1515 3087 ittitqirai·

411 3038 596 3139 werae-u
615 3092 725 3140 Noeeiura
737 3092 827 3139 dicunt
838 3091 929 3141 Frout.
944 3100 972 3141 et
984 3092 1072 3141 Vates.

447 3158 478 3203 lu
497 3154 526 3202 br
538 3155 657 3203 divam
673 3155 798 3204 uatebm
815 3170 848 3203 er
870 3156 934 3204 bist.
946 3170 996 3205 nou
1009 3157 1055 3205 uisi
1068 3154 1144 3207 Hert.
1155 3154 1202 3206 sed
1219 3154 1349 3219 pleneque
1361 3153 1431 3205 Edu.
1444 3161 1513 3205 anit.

411 3228 509 3283 preter
527 3218 602 3268 Rom.
621 3224 693 3269 lats.
708 3230 736 3270 et
751 3222 903 3271 Paron-li
922 3220 1055 3271 Amnem
1076 3222 1143 3273 Eud.
1154 3220 1375 3273 antrorum-12
1392 3220 1522 3271 Preti&

904 3332 1012 3384 NOTAE

442 3438 455 3473 a
472 3429 772 3494 Busibateardioerm]
787 3431 940 3483 ‘Diversum
981 3430 1087 3482 baberet.
1120 3432 1186 3483 Mibi
1201 3430 1513 3481 uibiioeeorriteurbee

408 3506 942 3571 trabere'Latiuedieiturmeoiueteqau·
982 3522 997 3558 a
1024 3506 1098 3559 Livio
1122 3522 1172 3558 uon
1196 3522 1252 3558 ease
1274 3508 1430 3559 existimem.
1465 3508 1515 3558 Eat

411 3589 463 3633 ter.
507 3583 638 3633 Laudatur
657 3584 685 3633 in
710 3584 737 3633 iu
765 3598 782 3633 a
806 3582 940 3633 Grouovio
981 3586 1049 3635 enirn
1067 3586 1122 3633 buo
1140 3584 1278 3639 sententia,
1296 3584 1413 3647 Capuam
1432 3584 1515 3635 doru·

408 3656 521 3709 l’iautus
540 3660 568 3711 tn
584 3660 751 3710 Mercatore:
773 3659 875 3709 ‘Prout
890 3671 941 3722 quo
981 3668 1070 3713 mento
1089 3661 1185 3713 ceteris
1203 3660 1278 3711 Itatia
1299 3658 1413 3709 futuram
1434 3662 1462 3711 iu
1485 3676 1515 3711 a·

319 3791 324 3802 ,
409 3743 489 3801 paeto
503 3751 555 3801 ego
569 3733 844 3787 diversusdirtrabor.'
876 3734 940 3785 uor-
981 3739 1087 3789 tramvir
1113 3744 1225 3803 portem,
1248 3744 1279 3787 et
1300 3738 1515 3803 qualencumque

407 3814 467 3862 darn
479 3819 565 3861 tamen
581 3811 857 3862 coniersiaittoemaa.
980 3822 1104 3865 eventum
1115 3814 1235 3863 habitura
1249 3820 1318 3863 esset
1326 3814 1383 3876 ejus
1393 3814 1514 3866 obsidio:

441 3888 530 3938 'Vicit
538 3894 741 3951 stammas
750 3886 851 3951 cepae]
868 3886 938 3937 uui.
980 3898 1010 3941 ut
1021 3891 1131 3948 scilieet,
1151 3889 1277 3953 siquidem
1298 3904 1314 3939 ι
1329 3889 1452 3939 Romanis
1470 3904 1516 3939 ea·

408 3963 629 4015 umbratim
638 3966 668 4015 rte
681 3966 775 4029 Caprae
789 3964 922 4029 t’mporto.
980 3968 1160 4031 peretur,ejus
1169 3964 1344 4021 detectionem
1352 3980 1430 4016 neruo
1441 3974 1515 4016 esset

442 4054 453 4079 ⁸
467 4047 664 4109 oue-cunque
680 4052 788 4097 euentu
798 4044 938 4105 desectio'ab
979 4043 1140 4106 imitaturos,
1149 4041 1194 4091 sed
1214 4041 1247 4092 sd
1260 4042 1434 4092 Romanorum
1446 4044 1511 4092 ami·

409 4120 537 4184 Reunia]
552 4122 706 4185 Suspioatur
717 4121 800 4171 Gron.
817 4134 868 4170 non
880 4134 938 4169 erse
979 4120 1068 4171 eitiaru
1083 4120 1172 4170 cunuti
1190 4119 1350 4185 respecturi3
1368 4118 1407 4167 siu
1418 4118 1511 4169 eadem

408 4195 937 4255 liriibeorerba.deseetioeb1tomis,·
979 4196 1070 4261 Cepua
1097 4195 1232 4246 obsidione
1259 4194 1426 4257 libereretur,
1448 4202 1510 4245 tune

406 4279 535 4335 putatque
550 4272 571 4320 si
588 4273 631 4321 itte
650 4274 834 4336 retinerentur,
851 4272 939 4322 dioen-
977 4272 1117 4323 Poeuoruru
1137 4280 1226 4337 partes
1244 4278 1402 4335 crescerent,
1422 4272 1511 4336 etqui

410 4346 471 4397 unu
485 4346 676 4413 fuissemus·
691 4354 807 4410 mm,
820 4364 869 4399 nou
879 4364 938 4414 qae-
978 4348 1062 4399 adtruo
1075 4348 1198 4399 Romanis
1216 4348 1508 4413 adherebant,abipsia

408 4426 939 4491 &mummtdrrtbsbitomis
978 4424 1131 4477 deficerent.
