3259 5225
378 537 467 604 226⁰
853 553 888 601 r.
911 539 1007 602 irvrr

380 699 612 765 defensoribus
625 698 752 766 moenio
766 717 864 781 eose3
886 718 999 764 omnes
1012 697 1132 764 eastris
1148 696 1282 764 excitos
1297 693 1346 761 ire
1361 695 1405 762 ad
1418 715 1480 781 op-

380 803 594 887 pugnandam
611 803 727 867 orbern
750 808 785 869 et
803 802 886 868 serre
906 801 1019 867 scalas
1033 801 1139 886 jubet.
1184 802 1276 885 Ipse,
1292 801 1393 865 trium
1407 820 1480 883 pree

381 925 421 971 se
431 905 596 990 jurenurn
609 905 798 971 validorum
812 907 923 972 scutis
944 905 1124 990 oppositis,
1146 905 1280 987 (ingens
1301 904 1388 968 enim
1404 901 1481 986 jum

380 1007 433 1072 ris
447 1009 556 1072 omnis
576 1008 705 1090 generis
722 1009 866 1073 tetorurn
885 1028 905 1072 o
920 1007 1199 1086 mansuetabat)
1214 1005 1258 1072 ad
1273 1006 1388 1071 urbem
1403 1023 1481 1070 suc·

378 1109 482 1189 cedit,
498 1109 656 1182 hortatur,
676 1111 827 1195 imperat,
848 1131 926 1195 quae
947 1110 1065 1174 iurem
1082 1115 1180 1190 sunt3
1203 1109 1361 1194 quodque
1375 1108 1482 1192 pluri·

380 1231 470 1277 mum
483 1212 526 1277 od
541 1213 777 1279 accendendos
789 1215 931 1280 militum
943 1214 1071 1278 animos
1085 1215 1251 1288 intererat,
1267 1215 1366 1276 testis
1382 1229 1480 1294 speo-

379 1321 536 1398 tatorque
549 1316 683 1381 virtutis
698 1323 799 1400 etque
813 1315 959 1400 ignaviae
981 1315 1145 1400 cujusque
1160 1316 1266 1380 adest.
1311 1315 1432 1398 ltaque
1445 1315 1481 1377 in

382 1417 520 1482 vulnero
534 1437 575 1482 uo
590 1419 659 1484 teia
672 1426 793 1500 ruunt;
814 1439 925 1504 neque
945 1419 1024 1484 iilos
1044 1419 1142 1492 muri,
1156 1437 1265 1502 neque
1285 1423 1480 1501 superstan-

379 1525 435 1584 tes
448 1521 569 1588 armati
584 1540 698 1587 arcere
713 1530 848 1607 queunt,
865 1523 949 1607 quin
964 1522 1115 1587 certatim
1132 1520 1329 1586 ascendunt.
1373 1519 1420 1583 Et
1434 1519 1479 1583 ab

379 1623 524 1688 nuribus
542 1623 663 1689 endem
678 1632 830 1707 tempure
854 1643 908 1702 ea,
923 1642 1002 1709 quoe
1017 1643 1106 1688 mare
1127 1623 1275 1701 alluitur,
1291 1641 1371 1705 pers
1387 1620 1481 1686 urbis

378 1726 567 1808 oppugnari
579 1733 694 1810 ooeptn
704 1734 769 1791 est.
803 1725 961 1792 Ceterum
974 1725 1140 1810 tumuitus
1154 1726 1234 1791 inde
1244 1725 1362 1810 major,
1378 1744 1481 1809 quarn

379 1829 443 1905 vin,
459 1828 632 1893 adhiberi⁸
655 1833 814 1913 poterut?
858 1829 950 1895 Dum
965 1829 1148 1914 applicant,
1163 1830 1243 1895 dnm
1260 1829 1406 1914 partim⁹
1420 1849 1483 1894 ex·

379 1938 510 2015 ponunt
524 1932 635 1996 scalas
647 1930 858 2018 militesque,
870 1932 963 2011 dnm,
978 1951 1047 2017 qna
1063 1933 1186 2016 cuique
1206 1933 1397 2017 proximum
1412 1937 1480 2008 est,

379 2033 413 2097 in
428 2039 549 2099 terrem
563 2033 704 2098 eredere
717 2040 908 2119 properent,
922 2034 999 2118 ipsu
1016 2033 1230 2100 festinatione
1249 2042 1285 2099 et
1299 2034 1482 2100 certamine

380 2136 439 2200 ulii
455 2135 542 2201 elios
558 2135 754 2220 impediunt.
1300 2189 1303 2196 .

421 2240 478 2304 45.
509 2237 602 2304 Inter
622 2239 699 2305 haeo
722 2237 913 2322 repleverat
935 2235 1010 2322 jum
1033 2237 1163 2304 Poenns
1190 2238 1327 2304 armetis
1351 2257 1479 2315 muros,

379 2349 415 2405 et
429 2340 481 2407 vis
495 2361 629 2425 magna,
646 2361 692 2407 ex
707 2341 833 2423 ingenti
848 2341 973 2425 copia?
989 2347 1164 2426 congesta,
1188 2340 1332 2405 telorum
1352 2361 1481 2426 suppe-

378 2443 547 2517 ditubut¹0
589 2444 658 2510 Sed
682 2464 792 2530 neque
819 2444 895 2523 viri,
917 2463 979 2509 nec
1001 2444 1081 2518 teia,
1103 2444 1363 2529 necquicquam
1386 2443 1482 2508 atiud

379 2565 489 2631 aeque,
502 2565 604 2634 quom
624 2550 751 2615 moeniu
773 2548 853 2633 ipso
872 2567 957 2626 sese,
975 2546 1230 2612 defendebant¹¹
1277 2545 1381 2610 Rorae
1393 2546 1482 2611 eninr

377 2650 482 2715 soalae
497 2650 665 2716 altitudini
679 2652 807 2737 aeqnuri
826 2656 990 2737 poterant,
1007 2658 1053 2730 et,
1074 2670 1143 2734 quo
1163 2670 1308 2736 quaeqne
1328 2650 1482 2727 altiores,

377 2771 420 2818 eo
445 2752 643 2820 infirmiores
669 2760 775 2821 erunt.
828 2752 963 2837 Itaque,
978 2772 1058 2820 oum
1078 2773 1229 2819 summus
1243 2754 1387 2839 quisque
1401 2772 1482 2819 eru-

409 2944 425 2980 r
441 2938 475 2987 Et
485 2952 587 3000 urgere
596 2940 697 2988 uben
705 2952 817 2989 uerene
827 2938 964 3001 appetebat
976 2952 1054 2987 meroe
1064 2936 1186 2987 tuentibus
1197 2934 1306 2997 mu,
1317 2936 1379 3000 quod
1394 2935 1482 2999 iuger-

379 3002 1133 3069 immmunmmgemtatoenttmm.

840 3145 1020 3167 0000000οΝ00

378 3245 444 3296 81n
462 3246 529 3299 Mer.
547 3246 624 3297 iideri
641 3252 670 3297 et
687 3246 785 3307 iudan
803 3246 830 3297 iu
851 3246 921 3298 Edd.
937 3256 1004 3299 ortt.
1020 3249 1107 3299 uideri.
1139 3246 1252 3313 Rupert.
1270 3248 1341 3311 eonj.
1357 3246 1426 3307 cieri,
1439 3248 1482 3297 rei

370 3310 440 3377 fieri,
451 3310 494 3360 rei
506 3312 592 3373 potino
603 3312 714 3374 inhiberi,
725 3313 751 3362 h.
763 3328 788 3362 e.
800 3312 977 3365 adhiberi-9
988 3314 1066 3365 Creu.
1077 3313 1129 3378 leg.
1147 3314 1252 3377 ruptim
1269 3315 1352 3363 minue
1362 3326 1484 3363 nereum

380 3378 429 3437 rie,
439 3376 485 3425 red
496 3376 640 3440 iugeniore,
651 3384 720 3427 terte
732 3378 858 3441 Doering.

412 3444 444 3491 ro
460 3440 522 3492 Put.
537 3442 666 3505 attingenti
675 3444 751 3493 mio.
784 3444 857 3494 Men.
868 3450 896 3495 et
907 3442 982 3495 vuer.
998 3442 1127 3506 etirgeuti
1136 3442 1212 3506 cepio.
1246 3440 1392 3492 Eddmntt.
1409 3442 1485 3491 etiu-

873 3573 985 3625 NOTAE

376 3682 438 3735 non,
449 3683 518 3733 quen
534 3669 682 3720 Mercurium
695 3669 819 3721 Teutatere
829 3672 908 3735 oppet-
948 3669 1005 3727 bur,
1014 3676 1114 3730 oerum
1131 3669 1340 3735 quodenirnejuo
1353 3671 1410 3720 toro
1420 3668 1484 3721 eub-

316 3812 320 3815 ,
376 3746 438 3809 toret,
447 3746 568 3796 aduertit:
584 3745 653 3812 quod
665 3760 713 3811 per
729 3747 908 3811 conjecturem
949 3746 1049 3807 didere,
1061 3748 1189 3809 romanet,
1200 3746 1316 3810 ignotum
1327 3746 1443 3809 erriptir.

376 3823 536 3875 eruditorum
546 3823 716 3889 odmundum,
731 3839 764 3874 ex
775 3824 868 3874 vitiose
878 3824 908 3874 ii·
981 3828 995 3864 Ρ
1012 3824 1136 3872 tumultur
1145 3822 1202 3872 inde
1211 3824 1295 3887 major,
1303 3838 1374 3887 qum
1383 3822 1428 3881 uie,
1439 3824 1486 3873 ud-

377 3898 480 3951 brorum
491 3901 623 3963 oertptnru
638 3906 736 3956 netum,
747 3901 790 3965 qni
801 3900 909 3958 hebent,
949 3897 1027 3947 tiberi
1038 3897 1146 3963 poterut]
1171 3897 1230 3947 Non
1248 3896 1340 3948 dubito
1361 3900 1432 3965 quiin,
1453 3907 1486 3950 ut

375 3976 526 4028 Mercurium
542 3978 634 4027 mutati
655 3977 711 4043 (rei
728 3978 845 4038 morti,
864 3985 910 4029 rut
949 3972 1032 4024 (iton.
1051 3980 1152 4037 eeneet,
1171 3974 1209 4023 ite
1228 3974 1363 4037 scripeerit
1383 3974 1485 4031 Lirim,

376 4056 608 4120 contuondoertit·
629 4054 832 4107 Quemrirenim
840 4056 908 4104 'reu-
950 4051 1036 4115 potine
1048 4064 1124 4115 quarn
1142 4057 1188 4099 eut
1203 4050 1294 4115 irini,
1306 4050 1374 4115 quod
1392 4051 1418 4099 in
1431 4050 1486 4101 Re-

376 4139 458 4183 tutem
476 4147 524 4195 pro
543 4132 676 4182 Mercurio
693 4131 765 4181 ortu
785 4132 909 4195 dixerint,
950 4128 1001 4192 gie,
1013 4134 1058 4177 rut
1072 4127 1151 4177 rideri
1164 4131 1268 4191 poterut,
1285 4136 1314 4177 nt
1325 4127 1402 4191 rutro
1418 4127 1487 4191 iegi-

374 4223 435 4260 euru
443 4209 537 4273 quibui
547 4208 694 4259 communie
703 4209 785 4258 muita
796 4208 910 4259 habuere
951 4213 1001 4255 tnr.
1034 4204 1119 4269 ldqno
1138 4203 1253 4253 indiornt
1272 4203 1439 4254 Cotbertinne
1455 4221 1485 4255 u-

374 4298 390 4334 e
411 4286 541 4335 eonrmuni
561 4286 662 4349 origine
687 4284 817 4347 Hirpini:
843 4293 909 4335 etta·
949 4296 1068 4332 nuscum
1080 4280 1486 4348 Poetnqntnurtttertporerar,

376 4376 435 4412 rnen
447 4362 533 4412 nutius
544 4362 586 4412 irie
595 4362 702 4413 Teutrti
713 4361 801 4425 loons3
814 4361 859 4412 ted
871 4361 908 4412 io·
948 4360 974 4411 in
986 4362 1071 4411 alteru
1080 4357 1165 4408 nitori.

375 4454 408 4490 eo
424 4439 543 4505 mimi,
557 4438 694 4505 tegendum
719 4453 778 4489 cunr
798 4438 909 4489 meliori·
