3259 5225
363 584 449 651 alra
837 598 872 649 r.
896 598 990 649 murt

362 748 511 833 pocratie
532 748 668 825 missus,
685 746 966 831 Libyphoenicum
987 742 1142 830 generisd
1167 741 1459 829 Hipponiotcs,¹⁰·

360 850 543 926 (Mutinem
563 850 743 935 populares
758 847 953 932 vocabant)
967 848 1017 912 vir
1036 849 1177 932 impiger
1196 854 1231 913 et
1247 846 1310 911 snb
1326 844 1458 909 Hanni·

363 951 441 1017 bale
461 953 622 1034 magistro
646 970 761 1016 omnes
783 951 861 1015 belli
884 956 974 1015 artes
995 949 1150 1016 edoctos.
1196 950 1290 1015 Huic
1309 949 1353 1013 ab
1375 945 1458 1029 Epi-

360 1054 448 1138 cyde
462 1063 496 1120 et
512 1054 678 1119 Hannone
693 1053 854 1119 Numidae
870 1053 941 1118 dati
956 1052 1157 1119 auxiliares:
1179 1072 1256 1117 enm
1271 1051 1394 1136 quibus
1409 1050 1460 1114 ita

361 1165 564 1241 pervagatus
584 1164 637 1221 est
657 1158 802 1222 hostium
823 1176 931 1239 agros,
946 1157 997 1221 ita
1016 1157 1141 1234 socios,
1157 1156 1201 1221 od
1216 1152 1407 1221 retinendos
1423 1152 1460 1217 in

362 1258 430 1323 fide
449 1260 577 1323 animos
592 1279 714 1338 eorum,
728 1259 995 1343 scmudnmque¹¹
1017 1260 1052 1323 in
1067 1267 1216 1344 tempore
1227 1258 1349 1342 cuique
1360 1254 1458 1321 auxi·

360 1357 467 1439 lium,‘
479 1362 574 1441 adiit,
586 1371 623 1426 nt
634 1363 727 1427 brevi
742 1368 895 1447 tempore
905 1366 1011 1427 totam
1026 1362 1177 1427 Siciliam
1188 1360 1340 1445 impleret
1353 1357 1460 1421 nomi·

360 1465 416 1528 nis
436 1466 500 1543 sui,
515 1484 578 1529 noe
603 1484 684 1549 spes
703 1465 771 1530 alia
789 1464 897 1549 major
917 1464 1009 1549 apud
1028 1463 1180 1529 fauentes
1199 1463 1299 1529 rebus
1319 1459 1460 1526 Cartha·

361 1566 561 1649 giniensium
576 1574 675 1632 esset.
713 1568 834 1653 ltaque
850 1568 971 1633 inclusi
983 1566 1027 1631 ad
1040 1572 1172 1650 tempus
1184 1566 1350 1630 moenibus
1361 1565 1460 1647 Agri·

361 1669 452 1750 genti
472 1670 541 1734 dux
562 1669 688 1735 Poenus
709 1670 1033 1755 Syracusanusque,⁸
1052 1688 1119 1735 non
1135 1668 1279 1736 coneilio
1294 1664 1461 1744 Mutinin,h

361 1790 463 1854 qnam
479 1770 614 1850 fidncia,
629 1774 737 1855 magis
753 1774 828 1837 ansi
842 1773 953 1856 egredi
966 1780 1061 1838 extra
1081 1790 1208 1849 muros,
1223 1770 1266 1836 ad
1281 1770 1461 1836 Himeram

361 1870 511 1938 amnem¹
535 1882 722 1959 posuemnt
743 1881 869 1941 castra.
915 1875 1015 1956 Quod
1038 1875 1096 1939 obi
1117 1873 1282 1958 perlatum
1301 1872 1460 1938 adMar·

362 1974 485 2039 cellum
508 1984 578 2057 ost3
601 1979 773 2061 extemplo
799 1980 916 2063 copias
938 1977 1054 2056 movit,
1071 1984 1107 2041 et
1127 1977 1171 2042 ab
1193 1976 1291 2041 hoste
1315 1983 1461 2059 quatuor

360 2074 465 2140 ferme
486 2076 628 2142 millium
642 2079 819 2144 intervallo
836 2080 1002 2157 consedit,
1016 2080 1097 2164 quid
1114 2086 1245 2164 agerent
1260 2084 1460 2163 pararentve

362 2186 615 2261 expectaturus,
661 2180 729 2246 Sed
756 2181 882 2245 nullum
905 2201 1014 2266 nequo
1040 2182 1164 2257 locum,
1188 2200 1299 2265 noque
1324 2188 1459 2265 tempus

361 2282 568 2345 cunctationi
589 2284 772 2349 consiliove
792 2282 886 2348 dedit
906 2282 1067 2363 Mutiner,
1084 2291 1313 2367 transgressus
1327 2302 1461 2349 amnem

361 2398 402 2447 ec
423 2384 625 2449 stationibus
645 2386 792 2451 hostium
811 2406 889 2451 eum
909 2386 1036 2470 ingenti
1059 2395 1181 2453 terrore
1197 2407 1238 2453 ac
1254 2387 1396 2453 tumultu
1410 2388 1461 2451 in·

819 2535 1002 2557 conuentu

363 2615 556 2682 Hippneircetie,
570 2619 737 2686 Hipprcioter,
751 2627 779 2672 et
794 2621 898 2673 similia.
935 2621 1006 2672 Hinc
1017 2620 1119 2672 emend.
1130 2619 1302 2686 HippoeriteeJ
1317 2621 1462 2686 Rupere.-

362 2687 392 2732 11
411 2682 533 2747 ‘Optimi
553 2685 617 2734 Mer.
631 2684 775 2752 serendoque
801 2696 830 2737 et
849 2687 954 2752 qnidam
970 2687 1136 2750 ferendaeque.
1168 2686 1236 2736 lited
1255 2687 1357 2750 recepit
1376 2685 1461 2736 Drek.

361 2746 414 2798 sed
426 2755 481 2798 tum
491 2747 521 2798 ro
531 2765 575 2813 que
586 2750 734 2801 delendum.
776 2724 841 2802 iton
855 2752 885 2802 rt
895 2759 998 2817 tempere
1008 2753 1076 2802 mete
1089 2753 1218 2817 repetitor
1229 2759 1257 2802 et
1268 2753 1403 2816 gtouetori
1413 2751 1460 2802 de·

393 2956 405 2990 ¹
429 2957 623 3023 Libypiroerrieturr
641 2959 749 3023 gmon]
775 2959 891 3012 Africani
932 2962 1162 3027 phoenicitpetrie.

361 3041 435 3082 erent
452 3035 551 3098 popuii,
568 3033 628 3084 inde
647 3035 721 3098 dicti,
734 3037 804 3102 quud
817 3037 891 3089 mixti
964 3038 1462 3108 ‘ferendumqueieterrpcrecriquew

360 3117 448 3158 errent
458 3124 491 3158 ex
501 3109 890 3178 indigenirdfricmrenbibyae
931 3113 1010 3178 dien]
1025 3115 1386 3184 Inoptimieertsrrerrdoqm
1405 3134 1461 3171 ree-

360 3187 472 3250 populir,
482 3193 509 3236 et
522 3187 610 3236 Poenir
622 3185 728 3236 edrenie
740 3203 773 3236 ex
785 3189 891 3239 Pireeui·
932 3200 969 3253 te,
993 3193 1071 3242 modo
1095 3194 1249 3256 partientem
1270 3197 1461 3259 conjunctivam

360 3262 410 3310 cie.
445 3261 482 3310 Hi
498 3261 567 3310 inter
584 3261 730 3324 Begredem
747 3261 852 3314 flurium
864 3274 891 3318 et
930 3283 976 3332 uere
986 3268 1123 3325 deleverit,
1138 3277 1167 3318 nt
1183 3271 1228 3333 rit,
1241 3270 1342 3331 serendo
1358 3274 1385 3323 ire
1402 3279 1462 3323 terr·

360 3337 457 3401 Syrtim
469 3339 593 3388 mirorem
606 3339 686 3402 potiti
697 3353 728 3389 ex
738 3341 891 3408 Ptolemae,
928 3358 986 3407 pere
996 3344 1079 3409 cuique
1094 3345 1221 3412 canitiem,
1236 3348 1391 3409 entsereedo

361 3413 501 3478 Byzacium
518 3413 674 3472 incolebant,
691 3416 822 3481 regionem
837 3417 890 3468 fer·
929 3421 1030 3470 «uitio.

361 3487 464 3540 tititetir
475 3491 585 3547 eximin,
598 3491 640 3541 ubi
655 3491 752 3556 Leptis,
764 3493 890 3546 Adrume·
961 3506 974 3542 t
990 3499 1053 3549 nu
1063 3499 1153 3549 nno
1162 3500 1381 3570 Symmnurpre]
1400 3505 1462 3556 1²oe-

360 3567 485 3630 tom‚&c.
929 3588 977 3624 noe
989 3574 1277 3640 Henno‚85recneenur
1287 3582 1428 3645 Epicyden.

392 3647 403 3676 θ
421 3639 591 3706 Hippourioter]
607 3643 742 3696 Oriundor
753 3661 848 3711 nempe
857 3663 891 3700 ex
962 3649 1050 3700 *Nou
1066 3653 1163 3702 eeeeitie
1182 3655 1298 3720 Metieir]
1320 3657 1394 3708 Atiae
1413 3674 1462 3711 een

360 3718 458 3769 Africae
472 3720 535 3769 urbe
547 3717 681 3782 Hippone.
713 3722 891 3774 Sedduoesu·
931 3728 1213 3788 torrMotirieoorret'tie,
1229 3733 1462 3798 peenfideeimni·

360 3810 406 3846 ere
430 3796 487 3860 ejus
512 3795 621 3845 nomini·
643 3795 720 3847 urben
743 3799 770 3848 in
790 3799 892 3864 Africo,
930 3802 1217 3870 mirnmtiducieqnem
1229 3809 1255 3872 in
1267 3808 1462 3861 Mutineirebe-

361 3873 452 3937 Hippo
469 3871 565 3936 regine,
581 3871 624 3936 qni
643 3873 749 3937 proprie
760 3873 787 3923 in
800 3876 823 3925 N
828 3877 891 3927 urni-
931 3880 1010 3930 beot:
1027 3894 1079 3946 qne
1091 3882 1204 3934 tectione
1215 3898 1267 3934 non
1279 3887 1393 3937 varietur
1402 3902 1462 3938 ren·

360 3950 414 4011 din,
424 3947 502 3998 hodic
513 3947 593 4011 Burro,
607 3949 633 3998 io
648 3964 728 4014 reguo
740 3952 890 4003 cunctanti·
930 3956 1023 4005 tentio.

360 4041 411 4088 ner,
435 4025 539 4074 ditionii
561 4023 724 4090 Aigcriemer
750 4034 779 4079 et
800 4029 891 4094 Hippo
965 4028 1026 4081 'Ad
1044 4031 1171 4083 Hierererr
1189 4035 1292 4098 enm]
1320 4035 1385 4088 Com
1407 4038 1462 4091 duo

359 4102 527 4166 Diarrhytus,
557 4099 652 4152 Graece
684 4103 890 4169 cognominetur,
930 4106 983 4157 rint
993 4107 1018 4156 in
1030 4107 1118 4158 Sicilie
1128 4107 1201 4160 durii
1211 4111 1266 4175 ejus
1277 4114 1396 4171 neminie,
1411 4116 1461 4166 dn·

359 4177 461 4228 Latinio
474 4177 591 4233 Dilotur,
605 4185 713 4242 propter
722 4193 847 4243 equarum
856 4182 890 4230 ir·
931 4181 1001 4232 bium
1010 4197 1062 4233 uon
1071 4186 1183 4250 eetqoirr
1192 4186 1227 4235 de
1238 4187 1283 4237 ilie
1293 4190 1461 4253 accipiendae

360 4256 443 4318 tigne,
461 4253 485 4302 in
506 4254 651 4317 Zeugitana
661 4255 716 4305 eive
731 4255 819 4307 Africa
830 4271 890 4321 pro·
931 4257 1029 4311 Auctor
1043 4260 1092 4311 troc
1108 4263 1166 4312 loco
1177 4263 1223 4324 eit,
1233 4264 1276 4328 qni
1287 4264 1313 4313 iu
1325 4267 1462 4318 meridiem

361 4331 418 4395 prie
428 4330 517 4381 dicte:
535 4331 603 4380 unde
614 4331 684 4381 rinur
700 4331 889 4397 Hipponeurir,
929 4335 1011 4387 fluent
1020 4335 1118 4389 decidit
1130 4339 1156 4388 in
1167 4353 1237 4389 mere
1245 4339 1364 4390 Africum
1373 4342 1405 4391 ed
1417 4357 1460 4392 or-

361 4423 430 4459 nune
442 4407 594 4459 munuera
606 4409 631 4458 io
642 4423 722 4473 reguo
733 4409 888 4463 Tunetrno:
930 4418 984 4461 turo
996 4411 1143 4478 Agrigenti.
1164 4414 1233 4464 Vide
1244 4424 1318 4468 noter
1326 4415 1371 4466 tib.
1381 4431 1461 4470 ιω.

360 4501 430 4554 que,
447 4485 472 4535 ni
491 4484 575 4540 folior,
595 4485 705 4536 Mutinir
724 4487 791 4539 iiiior
811 4489 889 4554 Liby·
929 4504 987 4554 erp.
999 4494 1025 4542 θ.
