3259 5225
507 458 582 509 nrn.
605 452 755 509 xxvrrr.
777 458 862 508 oar.
882 442 938 510 27.
1186 440 1274 511 2447

174 602 286 687 ipsam
309 602 551 691 protectionem
571 604 708 671 alterim
729 603 900 671 exercitus
917 600 1113 681 remeunt?
1132 620 1275 688 corpora

174 711 302 771 curant.
344 704 379 771 A
391 707 530 773 tribunis
551 708 624 774 sine
645 708 718 774 ullu
739 706 883 774 tumultu
905 712 1062 773 auctores
1083 704 1275 785 seditionis,

173 808 397 893 peridoneus
419 810 573 877 homines
596 810 785 897 perducti¹⁰
805 810 841 874 in
865 808 1024 895 hospitia,
1046 808 1301 892 comprehensi·

174 927 217 977 ac
230 909 339 976 vincti
354 918 444 977 sunt.
487 911 614 996 Vigilia
629 916 748 997 quarta
767 911 1005 996 impedimenta
1024 911 1203 988 exercitus,
1217 930 1275 977 cn·

169 1010 230 1095 jus
246 1013 464 1079 simulabatur
485 1015 558 1094 iter,
581 1014 754 1101 proficisci
769 1034 919 1100 coepere.
962 1013 1036 1079 Sub
1055 1013 1163 1079 lucem
1178 1012 1276 1095 signa

175 1121 280 1194 mota,
303 1116 406 1181 etad
430 1123 565 1201 portam
588 1123 752 1183 retentum
774 1134 907 1201 agmen,
930 1114 1158 1200 custodesque
1183 1115 1278 1181 circa

175 1236 293 1282 omncs
321 1226 440 1301 portas
468 1219 576 1299 missi,
598 1238 647 1283 ue
671 1222 749 1303 quis
777 1219 861 1285 urbe
884 1219 1105 1301 egrederetur.
1149 1215 1277 1284 Vocati

179 1318 364 1385 deinde'ad
385 1321 589 1398 concionem,
605 1322 665 1406 qui
687 1322 797 1407 pridie
812 1326 985 1401 veneunt,
996 1320 1154 1387 ferociter
1170 1319 1207 1386 in
1226 1320 1277 1385 io·
1304 1404 1309 1411 Ι

175 1440 247 1487 rum
262 1422 306 1489 ad
322 1422 467 1488 tribuual
482 1424 705 1509 imperatoris,
721 1432 757 1491 ut
770 1424 856 1490 ultro
876 1422 1028 1489 territuri
1040 1421 1277 1489 succlamatio·

175 1524 285 1601 nibus
299 1530 508 1590 concurrunt.
540 1526 649 1592 Simul
663 1532 698 1591 et
712 1526 944 1611 imperatorin
957 1524 1102 1590 tribunal
1112 1523 1277 1604 escendit,

175 1631 209 1691 et
236 1626 370 1691 reducti
401 1628 522 1693 armati
544 1647 566 1693 a
592 1628 701 1714 portis
729 1628 847 1693 inermi
869 1646 907 1693 se
931 1626 1089 1693 concioni
1114 1626 1159 1693 ab
1184 1633 1278 1711 tergo

176 1729 472 1797 circumfuderunt.
506 1730 597 1796 Tum
611 1730 719 1795 omnis
733 1730 860 1795 ferocia
874 1728 1036 1808 concidit,
1050 1734 1096 1808 et,
1110 1736 1149 1795 ut
1161 1735 1279 1815 postea

175 1832 374 1908 fatebantur,
390 1832 474 1898 nihil
489 1852 590 1917 aeque
605 1853 666 1898 eos
681 1834 808 1912 terruit,
817 1852 921 1918 quam
930 1839 1055 1917 praeter
1066 1850 1161 1916 spem
1176 1832 1279 1899 robur

176 1942 213 2001 et
239 1936 333 2001 color
357 1936 582 2021 imperatoris,
597 1957 698 2023 quem
726 1936 886 2003 effectum
899 1936 1031 2002 visuros
1056 1933 1277 2013 crediderant,

176 2037 369 2122 uultusque,
383 2040 520 2122 qualem
542 2059 584 2105 ue
606 2042 643 2105 in
667 2040 742 2107 acie
762 2040 898 2126 quidem
922 2038 1057 2104 aiebant
1077 2036 1278 2102 meminisse.

177 2139 272 2207 Sedit
291 2142 413 2206 tacitus
437 2141 623 2227 paulisper,
639 2144 748 2209 donec
769 2144 961 2208 nuntiatum
979 2144 1041 2217 est,
1056 2138 1220 2205 deductos
1241 2140 1278 2206 in

175 2241 285 2307 sorum
300 2248 455 2308 uncturae
471 2242 659 2323 seditionis,
674 2250 845 2333 esperare
857 2244 930 2329 J'am
945 2241 1056 2307 omnia
1070 2261 1160 2307 esse.
1244 2285 1249 2295 ι

219 2344 275 2409 27.
296 2343 542 2421 Tum,sileutio
556 2365 618 2430 per
631 2366 823 2430 praeconem
833 2344 936 2420 iacto,
946 2344 1137 2427 itucoepit:
1160 2343 1278 2411 ‘Nun-

178 2465 280 2531 quam
308 2446 392 2511 mihi
419 2445 606 2513 defuturam
635 2448 833 2525 emtionem,
854 2465 926 2532 qua
951 2447 1139 2511 exercitum
1166 2464 1279 2513 meum

177 2549 378 2634 alloquerer,
394 2548 541 2632 credidi;
563 2568 628 2615 non
644 2558 732 2636 quo¹
756 2550 862 2616 uerba
875 2566 1023 2635 unquam
1037 2549 1165 2634 potius,
1175 2567 1279 2633 quam

126 2709 130 2716 .
176 2671 242 2732 res,
257 2653 474 2731 exercuerim,
490 2651 547 2716 sed
563 2655 643 2738 quia
657 2671 765 2738 prope
786 2673 809 2718 a
829 2653 973 2738 pueritia
993 2652 1029 2716 in
1052 2652 1170 2716 euobis
1183 2651 1278 2717 habi·

178 2761 246 2834 tus‚
270 2773 441 2820 assuerum
466 2755 667 2821 militaribus
689 2754 843 2838 ingeniis.
886 2752 967 2819 Ae*
988 2773 1052 2819 uos
1066 2753 1281 2838 quemadmo-

179 2856 260 2922 dum
274 2857 404 2940 loquar,
418 2875 481 2921 uec
496 2855 685 2935 consilium,
700 2875 763 2921 nec
778 2855 884 2922 oratio
898 2855 1116 2940 suppeditat:
1137 2875 1224 2940 quos
1237 2875 1280 2920 ne

180 2979 247 3044 quo
269 2959 402 3024 nomine
418 2951 555 3044 quidem
578 2957 749 3042 appellare
764 2956 919 3035 debeam,
942 2958 1026 3022 scio.
1070 2955 1197 3022 Circei
1220 2958 1279 3042 qni

178 3081 201 3127 a
222 3063 334 3146 patria
362 3069 476 3128 vestra
495 3061 675 3128 descistis:
702 3080 744 3125 an
767 3061 917 3125 militesi
940 3061 1000 3143 qui
1021 3058 1199 3144 imperium
1219 3080 1280 3126 an·

178 3165 390 3249 spiciumque
406 3164 583 3244 abnuistis,
593 3163 789 3230 sacramenti
804 3163 995 3247 religionem
1009 3161 1161 3247 rupistis.
1185 3161 1279 3229 Hos

179 3268 258 3332 tes'l
291 3286 446 3351 corpora,
475 3286 546 3345 ora,
573 3269 747 3345 uestitum,
778 3266 925 3331 habitum
953 3265 1078 3330 civium
1107 3282 1277 3347 agnosco:

178 3369 282 3450 facte,
298 3369 400 3446 dicta,
425 3369 579 3446 consilia,
603 3369 734 3434 animos
755 3369 904 3433 hostiurn
918 3366 1028 3432 uideo.
1071 3364 1166 3447 Quid
1188 3367 1279 3434 enim

179 3492 255 3551 vos,
270 3473 333 3538 nisi
347 3471 439 3557 quod
456 3471 618 3555 Ilergetes
632 3483 667 3538 et
682 3470 856 3550 lnceuni,
871 3474 931 3535 aut
943 3468 1089 3553 optastis
1102 3467 1207 3547 aliud,
1221 3480 1282 3540 aut

180 3576 366 3660 sperastis?
412 3573 457 3640 Et
480 3574 533 3640 illi
562 3581 674 3640 tamen
705 3571 927 3640 Mandonium
956 3578 1059 3654 atque
1087 3570 1279 3649 Indibilem,

181 3679 283 3761 regiae
304 3677 489 3743 nobilitatis
510 3675 613 3752 uiros,
628 3677 729 3742 duces
750 3677 871 3742 suroris
891 3674 1004 3740 secuti
1023 3679 1119 3740 sunta
1140 3695 1204 3740 uos
1218 3693 1277 3741 au-

180 3781 326 3866 spicium
340 3785 375 3844 et
390 3779 564 3865 imperinm
579 3780 624 3846 ad
638 3778 802 3846 Umbrum
817 3777 950 3844 Atrium
962 3783 997 3842 et
1007 3777 1168 3844 Calenum
1183 3776 1277 3844 Albi·

640 3991 821 4015 ‘ww

180 4141 243 4192 Put.
256 4141 321 4218 κερ.
332 4141 490 4220 Men3vora.
501 4142 530 4194 ab
547 4147 614 4195 mode
633 4145 830 4210 ignorant-2⁰
847 4141 917 4193 Olim
928 4136 1038 4195 uiuite
1054 4144 1082 4187 et
1093 4151 1153 4188 rnen
1164 4137 1281 4191 neema.

181 4207 361 4334 “fll’ae'q’ae
372 4221 500 4323 minu
512 4273 630 4338 quaedem
642 4280 708 4325 vett.
724 4273 793 4324 Edd.
803 4273 872 4336 qued.
903 4270 970 4319 Mox
983 4281 1132 4320 aarum
1145 4267 1278 4319 oron-a

183 4335 254 4388 Olim
265 4345 328 4387 ante
339 4335 422 4389 Gran·
436 4339 508 4402 apud.
541 4339 605 4391 Mun
616 4335 663 4392 iul.
677 4347 739 4392 rute
753 4340 846 4404 Sigon.
861 4349 1039 4402 quumque,-
1048 4340 1076 4386 οἱ
1086 4332 1280 4397 ΜΡΝ
