3259 5225
413 575 503 646 22³8
882 589 1035 643 aaron

415 738 520 804 emoti
551 745 674 816 essent,
705 757 747 803 ne
776 737 843 822 ipsi
870 737 1037 822 posterive
1065 755 1177 802 eornm
1205 737 1339 824 uspiam
1362 747 1510 822 pararent

413 841 624 918 haberentve,
639 841 705 906 nisi
724 841 759 906 in
780 839 924 906 Veiente
943 845 1002 906 aut
1019 839 1157 907 Sutrino
1176 839 1396 926 Nepesinove
1414 861 1511 925 agro3

416 937 495 1009 dum
510 961 551 1008 ne
565 941 620 1007 cui
636 941 755 1027 major,
767 961 868 1027 quam
881 942 1125 1028 quinquaginta
1134 942 1301 1028 jugerum,
1310 943 1382 1025 agri
1395 943 1513 1008 modus

416 1049 517 1110 esset.
561 1044 758 1112 Senatorum
787 1043 946 1122 omnium,
972 1046 1098 1130 quique
1127 1046 1345 1128 magistratus
1373 1044 1514 1130 Capuae,

416 1145 550 1226 Atellae,
566 1147 708 1213 Calatiae
722 1147 920 1230 panderent,
935 1148 1026 1216 bona
1040 1147 1154 1212 venire
1166 1141 1318 1232 capua:
1333 1147 1515 1234 jussemnt.

416 1249 561 1315 ‘libera
576 1265 821 1335 corporaque
835 1249 1044 1316 venumdari
1064 1251 1253 1336 placuerat,
1268 1247 1415 1316 Romam
1429 1250 1517 1316 mitti

415 1369 458 1420 ac
472 1351 594 1420 Manae
609 1351 733 1420 venire.
776 1353 892 1437 Signa,
902 1359 1030 1420 statuas
1046 1373 1173 1434 arnam,
1183 1373 1259 1438 qnoe
1271 1359 1373 1438 capta
1383 1352 1427 1416 de
1440 1350 1518 1417 bos-

416 1453 509 1521 tibus
530 1454 730 1535 dicerentur,
746 1477 825 1540 quaa
844 1474 958 1522 eorum
981 1474 1078 1522 sacra
1099 1476 1142 1524 ac
1163 1455 1306 1541 prolana
1324 1461 1454 1535 essmt,
1474 1454 1518 1520 ad

273 1595 280 1608 ·
416 1556 617 1641 pontificum
632 1557 829 1642 collegium'
848 1555 1044 1644 rejecerunt.
1090 1557 1145 1625 Ob
1167 1559 1241 1624 hmo
1261 1556 1394 1623 decretu
1414 1577 1520 1623 mms-

417 1661 521 1726 tiores
541 1661 726 1746 aliquanto,
741 1680 842 1746 qnam
864 1659 1011 1728 Romam
1026 1668 1198 1740 venerant,
1211 1660 1407 1745 Campanos
1421 1659 1520 1725 dimi·

418 1769 542 1828 serunt.
568 1761 644 1829 Nec
652 1763 726 1848 jam
739 1763 785 1845 Q.
798 1763 912 1831 Fulvii
923 1765 1089 1834 savinam
1099 1767 1135 1830 in
1146 1763 1519 1847 sese,sediniquitateur

416 1864 530 1931 Deum
546 1871 647 1951 atque
660 1867 887 1933 execrabilem
901 1865 1070 1934 tertuum
1083 1883 1181 1934 suam
1200 1851 1410 1933 incusabant·

425 1997 431 2006 ·
468 1967 525 2034 35.
556 1967 717 2034 Dimissis
745 1967 870 2034 Siculis
898 1968 1160 2054 Campanisque,
1187 1969 1340 2036 delectus
1366 1967 1519 2033 babitus.

418 2069 552 2157 Scripto
564 2070 684 2136 deinde
698 2071 859 2150 exercitu,
871 2071 915 2137 de
925 2071 1086 2157 remigum
1100 2072 1334 2158 supplemento
1349 2068 1406 2154 agi
1421 2087 1523 2152 coep·

416 2173 498 2239 tum.
542 2171 583 2238 ln
597 2191 699 2257 quam
713 2192 781 2238 rem
795 2193 874 2239 cum
887 2193 996 2259 neque
1008 2174 1178 2241 bominum
1193 2177 1286 2248 satis,
1300 2193 1377 2253 uec,
1389 2191 1436 2238 ex
1453 2189 1524 2257 qua

418 2279 610 2360 pararentur
632 2274 906 2362 stipendiumque
926 2277 1133 2362 acciperent,
1155 2278 1310 2363 pecunia
1334 2276 1523 2360 quicquam

418 2395 460 2444 ea
474 2373 674 2462 tempestate
687 2377 722 2444 in
736 2377 877 2463 publico
891 2388 993 2459 esset,
1010 2379 1191 2446 edixerunt
1210 2378 1384 2457 consules,
1398 2389 1439 2442 ut
1453 2375 1525 2461 pri·

418 2479 487 2546 rati
515 2498 562 2545 ex
587 2499 691 2546 censu
713 2479 967 2566 ordinibusque,
990 2482 1081 2548 sicut
1105 2490 1217 2562 cutm,
1238 2481 1382 2564 remiges
1402 2477 1526 2544 darant

419 2601 497 2651 cum
512 2581 683 2667 stipendio
696 2582 903 2669 cibariisque
917 2583 1046 2651 diemm
1066 2582 1210 2669 triginta.
1252 2581 1309 2650 Ad
1322 2583 1359 2650 id
1373 2581 1525 2647 dictum

418 2690 529 2753 tantus
540 2684 692 2751 fremitus
708 2686 888 2764 hominum,
910 2690 1041 2753 tanta¹⁰
1060 2687 1243 2773 indignatio
1263 2685 1339 2764 fnit,
1351 2691 1391 2751 nt
1412 2681 1525 2767 magis

418 2786 501 2868 dux,
515 2806 618 2874 quam
631 2788 783 2865 materia,
797 2788 955 2854 seditioni
968 2788 1115 2855 demeat.
1159 2787 1369 2855 ‘Secundum
1383 2784 1525 2853 Siculus

419 2888 699 2977 Campanosque·
721 2890 852 2975 plebem
868 2888 1059 2956 Romanam
1073 2890 1276 2974 perdendam
1289 2886 1527 2956 necandam-

419 3004 486 3077 que
499 2993 567 3059 sibi
579 2993 735 3059 consules
749 2994 922 3058 sumsisse.
966 2994 1032 3059 Per
1045 3002 1099 3060 tot
1111 3012 1219 3061 annos
1236 2994 1364 3059 tributo
1376 2990 1524 3056 erbam

419 3104 477 3160 tos
499 3096 547 3162 nil
571 3096 701 3181 reliqui,
726 3102 848 3182 praeter
870 3100 990 3163 terram
1011 3097 1133 3163 nudum
1157 3116 1200 3163 ac
1218 3104 1361 3175 tutam,
1384 3094 1522 3160 neom.

420 3196 528 3263 Tecta
550 3198 663 3265 hostes
686 3198 888 3277 incendisse,
904 3219 1020 3266 servos
1038 3202 1110 3284 agri
1132 3201 1301 3267 cultores⁸
1320 3216 1393 3263 rem
1406 3194 1524 3282 publi·

421 3318 497 3366 cam
510 3300 732 3383 abduxisse,¹¹
747 3320 837 3367 nunc
850 3302 895 3367 ad
909 3302 1062 3369 militiam
1077 3323 1182 3389 parvo
1191 3322 1259 3369 aere
1269 3300 1524 3379 emendo,uunc

447 3492 459 3517 ⁰
487 3484 842 3553 Pastdiealoretcmu.

881 3615 1064 3637 ”amoeno

455 3731 486 3779 lb
502 3728 563 3780 Vct.
581 3728 627 3781 lib.
644 3730 715 3797 apud
726 3732 813 3797 Sigon.
829 3737 951 3798 tuteque,
969 3739 999 3783 et
1018 3733 1058 3785 rie
1075 3732 1159 3785 tiron.
1175 3731 1348 3797 Doujat-ll
1364 3728 1456 3793 Sigen.
1471 3726 1526 3790 leg·

925 3894 1035 3947 Nom

454 4016 467 4041 ¹
484 4007 570 4057 Servor
589 4008 645 4070 egri
664 4006 775 4073 uuna]
793 4008 869 4060 Serri
887 4010 958 4061 euim
992 4009 1089 4060 boum
1104 4005 1170 4059 facit
1185 4006 1347 4059 auctoritate
1366 4002 1481 4069 publiea
1499 4002 1527 4051 id

423 4089 483 4148 pert
501 4082 663 4133 Cannenrem
680 4083 781 4135 cladem
793 4087 957 4151 exigueprs·
993 4098 1061 4149 resp.
1081 4082 1172 4135 faeere
1190 4090 1323 4133 eanoetur.
1358 4081 1402 4131 lm
1421 4080 1480 4129 cie.
1498 4078 1525 4128 in

423 4158 462 4233 tln
481 4156 592 4209 redemti
614 4156 720 4210 luerunt
739 4168 768 4210 nt
785 4170 958 4227 amarentur,
993 4162 1086 4224 Bruto,
1097 4159 1200 4211 de'l'ib.
1210 4158 1341 4216 Graccho,
1352 4159 1392 4207 alt
1406 4155 1527 4219 ‘abipsa

423 4234 559 4285 studites
569 4228 672 4284 berun·
698 4236 959 4289 Dieltnruterueos
993 4252 1050 4303 rep.
1071 4244 1114 4288 est
1134 4234 1325 4288 tununne-
1351 4230 1447 4297 Neque
1466 4236 1528 4281 ent

423 4308 563 4360 andnim
584 4322 655 4375 turp.
681 4312 802 4376 quonlam
831 4313 959 4367 ulntraetl
993 4308 1528 4381 quodlrlublgeulurlubunretsutflm

425 4382 531 4435 inerant
558 4386 585 4437 iu
619 4386 751 4452 publicum
778 4390 958 4444 maedan:
992 4390 1126 4443 observat.

425 4460 494 4527 quod
505 4466 592 4513 autem
603 4462 769 4529 meglrtratur
784 4466 811 4517 iu
823 4481 959 4520 cunm
