3259 5225
388 532 476 599 2396
856 552 892 601 u.
916 552 1012 601 ntvtt

388 695 616 763 Hasdrubalis
639 699 832 765 consectari
856 706 986 784 posset,
1014 700 1050 766 in
1068 701 1261 767 citeriorem
1284 700 1488 786 Hispaniam

387 820 503 867 omnes
519 820 601 865 suas
621 805 740 888 copias
758 802 930 868 reduxitt¹
947 803 1166 889 dimissisque
1183 805 1219 869 in
1238 805 1386 890 hyberna
1404 805 1489 887 legi-

387 904 519 981 onibus,
533 904 573 969 L.
588 904 748 989 Scipione
760 906 863 971 fratre
874 905 1022 972 Romam
1039 908 1157 986 misso,
1166 914 1201 973 et
1222 906 1394 973 Hannone
1407 906 1489 971 hos·
1512 986 1516 996 ¹

385 1006 468 1070 tium
489 1006 686 1090 imperatore
704 1008 894 1092 ceterisque
913 1009 1083 1074 nobilibus
1098 1010 1259 1093 captivis,
1270 1010 1348 1093 ipse
1363 1008 1486 1075 Tarra·

383 1126 503 1173 eonem
517 1112 694 1177 concessit.
737 1110 866 1176 Eodem
883 1104 972 1176 anno
985 1112 1110 1176 classis
1126 1101 1298 1191 Romana,
1310 1132 1385 1177 cnm
1398 1119 1412 1148 ⁸
1432 1111 1485 1177 Μ.

382 1209 521 1277 Valerio
534 1210 671 1277 Laevino
686 1216 889 1297 proconsule
904 1234 948 1280 ex
964 1214 1082 1280 Sicilia
1096 1214 1132 1278 in
1146 1213 1298 1280 Africam
1311 1216 1484 1280 transmis-

383 1334 434 1389 sa,
459 1315 494 1378 iu
518 1313 673 1382 Uticensi
699 1316 1030 1401 Carthaginiensique
1054 1335 1133 1399 egro
1157 1316 1224 1381 late
1247 1316 1482 1400 populationes

384 1418 475 1482 lecit.
520 1416 690 1483 Extremis
711 1420 836 1484 linibus
853 1418 1179 1501 Carthaginiensium
1195 1418 1286 1483 circa
1305 1418 1384 1501 ipsa
1397 1438 1485 1485 moe·

381 1520 439 1584 nia
453 1518 564 1585 Uttcae
573 1528 587 1557 ⁰
598 1520 721 1603 praedae
734 1528 821 1587 actae
832 1529 921 1585 sunt.
965 1507 1380 1604 Repeteutihus‘Sieiliam
1391 1521 1485 1587 clas·

383 1622 431 1687 sis
448 1622 580 1688 Punica
592 1622 824 1707 (septuaginta
836 1631 931 1688 erant
944 1624 1054 1705 longae
1071 1620 1194 1705 naves)
1213 1624 1371 1689 occurrit.
1413 1622 1485 1687 De·

382 1743 457 1789 cem
480 1734 515 1789 et
537 1732 665 1809 septem
686 1743 790 1788 naves
812 1744 858 1789 ex
879 1727 922 1789 iis
945 1732 1057 1809 captae
1079 1732 1170 1803 sunt,
1191 1731 1334 1809 quatuor
1353 1726 1389 1791 iu
1411 1727 1489 1792 alto·

380 1846 508 1892 mersae.
552 1824 672 1891 Cetera
695 1825 775 1891 fusa
803 1848 845 1892 ac
871 1826 986 1910 fugata
1014 1826 1149 1899 classis.
1200 1826 1307 1892 'lena
1330 1828 1482 1913 marique
1521 1884 1529 1895 .

381 1929 491 1994 victor
505 1926 681 1993 Romanus
696 1948 772 2007 cum
786 1948 910 2013 magna
924 1929 1035 1995 omnis
1057 1928 1185 2011 generis
1204 1927 1322 2012 proetla
1335 1929 1483 2014 Lilyhae·

379 2050 434 2095 um
449 2032 583 2116 repetit.
626 2032 716 2097 Toto
733 2033 809 2097 iude
825 2034 909 2098 mari
922 2042 933 2082 ³
949 2033 1060 2118 pulsis
1070 2031 1217 2097 hostium
1227 2031 1378 2110 naribus,
1388 2052 1487 2119 mag·-

381 2134 415 2197 ui
427 2142 634 2198 commeatus
647 2134 802 2199 immenti
818 2134 961 2200 Romam
977 2135 1141 2200 subvecti.

422 2238 456 2301 5.
481 2235 652 2320 Principio
671 2238 800 2301 aestatis
814 2237 902 2321 ejus,
923 2258 992 2321 qua
1008 2238 1083 2303 haec
1096 2243 1174 2302 sunt
1188 2242 1293 2319 gesta,
1307 2235 1349 2301 Ρ.
1363 2235 1478 2322 Sulpi·

379 2337 453 2404 cius
467 2338 650 2421 proconsul
665 2344 697 2403 et
711 2336 847 2403 Attalns
862 2358 923 2402 rex
943 2360 1018 2404 cum
1031 2339 1163 2423 AEginae
1180 2338 1285 2425 (sicut
1305 2345 1384 2404 ante
1406 2339 1478 2404 tlic-

378 2454 447 2507 tum
459 2438 527 2526 cst)
535 2442 786 2525 hybernassent,
799 2442 961 2507 Lemnum
972 2442 1078 2518 iude,¹’
1086 2442 1198 2507 classe
1205 2440 1338 2525 juncta,
1351 2440 1480 2508 Roma·

376 2564 430 2609 nee
449 2544 595 2630 quinque
611 2552 645 2609 et
659 2544 777 2629 viginti
793 2546 1059 2632 quinqueremes,
1081 2545 1182 2630 regiae
1205 2545 1353 2630 quinque
1371 2554 1406 2614 et
1419 2548 1479 2614 tri·

763 2717 768 2734 ¹
840 2708 1044 2796 nunnae*

408 2845 421 2888 l
433 2840 504 2891 Olim
515 2841 542 2890 t'tt
552 2841 685 2890 merresa
696 2839 840 2904 Hispaniam
849 2840 934 2905 recipit
944 2840 1082 2890 exercitam.
1108 2839 1166 2890 ‘Sic
1174 2838 1323 2900 Rhenanus,
1331 2845 1360 2890 et
1368 2845 1476 2890 cantata

377 2905 450 2953 ‘Not
464 2906 624 2968 reposuimus
636 2915 748 2954 tererem
760 2915 899 2969 sequentes
911 2905 1066 2956 lectionem!
1090 2905 1175 2954 Immo
1184 2905 1258 2954 unius
1269 2906 1392 2954 maculosi
1403 2907 1477 2955 cotii-

377 2970 414 3018 cis
424 2969 541 3020 vitiosam
554 2973 718 3034 scripturam.
751 2971 855 3020 Etenim
868 2972 929 3020 Put.
940 2979 967 3020 et
978 2985 1065 3028 omum
1075 2971 1144 3020 Gall.
1153 2971 1255 3034 datoque
1265 2969 1331 3018 l’all.
1347 2971 1374 3020 t'tr
1383 2971 1477 3020 esaie

377 3047 427 3081 rem
440 3035 582 3098 Histonium
594 3035 670 3086 amaia
682 3035 738 3099 (vel
749 3037 840 3100 ornnes)
851 3051 906 3085 maa
916 3037 995 3099 copim
1005 3035 1121 3085 reduxit!
1135 3035 1162 3086 J.
1175 3035 1204 3084 F.
1213 3035 1347 3084 Crem-2
1363 3033 1413 3085 ’τὸ
1421 3050 1475 3084 attat

377 3099 449 3148 delet
467 3101 556 3162 Sigon.
572 3115 605 3150 ex
627 3101 743 3164 improbo
762 3099 829 3150 ruo?
856 3101 885 3150 J.
904 3101 936 3150 F.
949 3102 1103 3151 Granum—2
1127 3101 1135 3128 ⁸
1156 3099 1236 3149 Multi
1257 3100 1323 3148 Maa-
1346 3105 1400 3150 tato
1418 3101 1476 3149 tace

374 3164 456 3276 gotis
468 3165 560 3227 judica
572 3165 657 3216 Drak.
675 3166 822 3216 conminus
840 3173 912 3229 apte,
922 3166 943 3214 ri
959 3164 1015 3215 hac
1029 3165 1109 3216 verba
1120 3165 1266 3229 jungantur
1276 3178 1336 3215 cum
1351 3164 1474 3215 tshmcth'

399 3237 484 3292 trpert.

868 3359 980 3412 Nom

404 3467 417 3494 ⁰
434 3458 507 3510 Circa
531 3461 585 3524 tpm
609 3461 695 3512 atoetria
722 3459 813 3524 Uticoe]
841 3459 903 3510 Fuit
943 3475 981 3522 aa,
994 3459 1167 3511 Chalcidicam
1178 3465 1207 3510 et
1222 3457 1373 3519 Thraciam
1389 3471 1472 3524 oppo-

372 3537 451 3587 Utica
458 3535 520 3586 urba
529 3537 554 3586 in
564 3534 657 3587 Africa
666 3537 801 3602 sexaginta
810 3537 902 3587 stadiis
941 3537 993 3586 rita
1010 3537 1093 3587 monti
1108 3532 1180 3586 arno
1198 3535 1243 3602 qni
1262 3536 1289 3585 ln
1305 3535 1472 3593 Macedonia,

372 3629 387 3663 a
399 3611 565 3679 Carthagine,
582 3615 683 3664 colonia
698 3615 844 3678 Tyriorum,
855 3614 902 3663 tri·
941 3612 1002 3662 intle
1013 3626 1060 3662 tex
1071 3618 1099 3663 et
1110 3611 1245 3674 octoginta
1256 3625 1377 3676 parsum
1394 3612 1473 3682 tntill-

372 3691 450 3740 eonio
472 3687 554 3740 t‘erme
577 3699 636 3755 post
652 3691 751 3755 Gades,
772 3691 817 3741 diu
838 3698 901 3741 ants
941 3687 989 3737 bus
1010 3687 1098 3738 distat.
1142 3687 1245 3738 Nomen
1265 3687 1341 3737 hodic
1364 3688 1472 3748 retinet,

370 3766 554 3830 Carthaginem
566 3767 682 3831 condita,
702 3775 779 3833 portu
795 3767 901 3832 nobilis,
941 3763 1030 3815 Greci
1051 3765 1120 3814 enim
1142 3763 1229 3813 lamae
1253 3763 1337 3812 atlhttc
1357 3771 1471 3824 vocant3

371 3851 399 3894 at
415 3837 582 3894 Punicarum
610 3842 706 3894 Africa
741 3844 899 3894 coloniarum
939 3855 988 3891 nec
1002 3841 1183 3904 nislcorrttpta
1200 3855 1217 3889 a
1233 3840 1320 3890 nautia
1338 3839 1471 3890 etat-m

370 3921 840 3986 postCarthagincmopulentissimas
856 3923 901 3972 ho·
940 3918 1096 3984 appellatur.
1129 3917 1201 3968 Olim
1212 3916 1321 3967 Vulcani
1337 3915 1470 3967 officinam

369 3999 413 4047 die
425 3997 581 4050 Chtlrtisnia
603 3997 710 4059 Bicerto,
724 3997 814 4047 incolis
834 3997 899 4048 Ara·
940 3996 1025 4059 poeta
1041 3995 1067 4044 ln
1083 4009 1116 4046 ea
1130 3995 1270 4045 locahantz
1287 4008 1363 4060 aquo
1379 4000 1409 4044 et
1423 4007 1470 4042 no·

368 4073 444 4124 bibus
458 4074 586 4124 Bmarta.
619 4073 690 4123 ilinc
709 4073 776 4123 Cato
791 4073 900 4123 Uticen-
938 4087 997 4122 men
1026 4072 1120 4122 habult
1149 4072 1211 4122 urba
1244 4071 1420 4133 Hephoettiaa,
1439 4071 1469 4122 itl

369 4153 404 4199 sia
416 4149 510 4208 dictur,
522 4150 591 4216 quod
608 4138 644 4200 tbi
656 4156 765 4200 mortem
777 4150 826 4199 sibi
838 4165 898 4200 con·
938 4155 990 4212 est,
999 4149 1134 4217 Vulcania.
1168 4148 1200 4197 ln
1211 4160 1243 4198 ca
1253 4145 1378 4198 effoditur
1394 4156 1470 4198 terra

368 4229 485 4292 sciverit,
496 4227 640 4292 desperatis
652 4227 764 4292 partium
777 4226 898 4292 Pompei·
937 4227 1047 4278 Lemnia
1056 4226 1111 4275 aire
1121 4225 1241 4288 sigillata,
1252 4239 1310 4290 quat
1319 4232 1413 4276 contra
1424 4239 1470 4275 re·

370 4319 474 4354 suarum
487 4305 572 4354 rebor.
936 4319 1004 4354 uena
1022 4305 1101 4353 valet.
1140 4303 1250 4352 Venetia
1268 4308 1360 4366 erepta
1379 4300 1432 4352 tuit
1451 4317 1469 4352 a

402 4381 547 4432 literanum
566 4379 634 4445 inde]
651 4381 742 4430 Insula
759 4387 800 4431 est
820 4381 897 4430 maris
937 4381 1088 4432 hlahoutete
1115 4393 1147 4430 tt.
1179 4379 1322 4430 Tuscorum
1353 4380 1467 4446 impeta·

370 4456 451 4522 AEgai
465 4459 582 4515 Lemnos,
594 4463 660 4509 luter
669 4459 840 4510 Chersonesos
851 4460 897 4508 du·
936 4467 1002 4510 tore.
