3259 5225
450 621 523 667 cre.
545 619 676 670 xxrrr.
700 621 784 674 cur.
807 603 862 670 17.
1023 647 1026 651 -
1119 604 1208 672 2³17

106 764 416 848 excipientibusque
436 763 552 842 sociis,
569 763 725 832 Indibilis
751 769 784 834 et
809 763 1009 830 Mandonius
1033 785 1110 832 cnm
1135 767 1211 832 suis

109 867 219 952 copiis
233 872 454 934 occurrerunt.
481 867 631 932 Indibilis
646 887 707 952 pro
720 876 862 953 utroque
875 869 1023 946 locutus,
1036 869 1210 955 haudqua-

112 987 216 1054 quarn
230 977 268 1034 ut
283 968 443 1036 barbarus
458 970 581 1037 stolide
597 973 807 1055 incauteque,
823 969 883 1036 sed
898 973 1012 1054 potins
1026 991 1102 1036 cum
1115 991 1210 1036 vere·

114 1071 225 1137 cunda
240 1072 413 1155 gravitate,
429 1074 630 1158 propiorque
646 1074 820 1143 excusanti
843 1074 1074 1139 transitionem
1093 1079 1131 1139 nt
1153 1095 1211 1139 ne-

114 1175 306 1252 cessariam,
321 1195 421 1259 quam
437 1176 594 1258 glorianti
609 1184 706 1242 eam’
727 1177 821 1243 velut
834 1177 977 1261 primam
993 1178 1211 1244 occasionem

113 1283 273 1359 raptam.²
318 1278 435 1342 ‘Scire
458 1280 546 1344 enim
573 1299 620 1355 se,
646 1280 829 1362 transfugae
853 1280 990 1346 neuneut
1020 1281 1211 1346 execrabile

110 1380 279 1444 veteribus
294 1380 409 1458 sociis,
424 1383 522 1446 novis
536 1391 733 1466 suspectum
747 1403 834 1446 esse.
877 1381 999 1466 Neque
1012 1403 1088 1448 eum
1102 1403 1139 1451 se
1160 1402 1214 1447 re·

110 1479 318 1563 prehendere
333 1501 456 1548 merem
468 1482 651 1563 hominum,
667 1486 696 1548 si
709 1493 819 1550 tumen
831 1503 956 1568 anceps
965 1483 1081 1549 odium
1094 1504 1215 1563 causa,

111 1603 174 1646 nnu
195 1603 329 1661 nomen,
344 1581 491 1651 seciatlr
536 1585 660 1652 Merita
678 1586 755 1651 inde
777 1605 840 1652 sua
859 1587 893 1651 in
914 1588 1018 1652 duces
1038 1586 1213 1671 Cartbagi-

111 1687 246 1751 nienses
262 1689 546 1767 commemoravit,
562 1690 738 1754 avaritiam
752 1696 869 1755 contra
883 1707 997 1754 eorum
1007 1691 1215 1773 superbiam·

54 1812 59 1821 ¹
113 1809 176 1873 que
191 1796 227 1853 et
243 1789 352 1853 omnis
367 1792 497 1874 generis
510 1792 650 1876 injurias
661 1793 696 1856 in
712 1811 750 1856 ee
765 1797 869 1876 atque
882 1792 1076 1875 populares.
1119 1791 1214 1858 ‘Ita-

114 1911 177 1974 que
198 1911 326 1976 corpue
341 1893 508 1960 duntaxat
530 1913 627 1959 suurn
648 1894 691 1959 ad
710 1893 744 1958 id
764 1901 896 1978 tempus
911 1894 999 1979 apud
1015 1915 1075 1960 eos
1088 1895 1215 1978 fnisset

115 1995 258 2058 animum
270 1995 342 2078 jam
357 1994 486 2079 pridem
500 1996 548 2060 ibi
562 2015 651 2074 esse,
666 1997 725 2062 ubi
735 2000 792 2082 jus
807 2017 849 2060 ec
864 1996 917 2060 fas
939 1998 1114 2062 crederent
1134 1998 1215 2064 coli.

115 2093 168 2160 Ad
180 2095 276 2160 Deus
290 2117 426 2182 quoque
442 2098 623 2182 confugere
638 2099 827 2184 supplices,
853 2100 913 2184 qni
926 2108 1096 2184 nequeant
1109 2100 1215 2167 homi·

115 2218 190 2263 num
211 2201 279 2264 vim
303 2207 408 2284 atque
429 2200 569 2285 injurias
588 2203 670 2286 peti.
715 2202 761 2266 Se
780 2201 817 2266 id
835 2201 1026 2285 Scipionem
1047 2223 1156 2282 orare,
1178 2210 1217 2270 ut

117 2301 266 2366 transitio
279 2302 343 2368 sibi
358 2323 419 2368 uec
434 2303 544 2370 fraudi
559 2303 652 2390 apud
674 2325 760 2383 eum,
773 2323 836 2386 nec
850 2304 967 2369 honori
983 2305 1038 2368 sit.
1084 2304 1217 2387 Quales

117 2423 159 2468 ex
172 2404 239 2469 lrac
252 2405 307 2471 (lie
322 2405 530 2489 experiundo
546 2407 707 2491 cognorit,
722 2407 859 2492 perinde
884 2426 997 2492 operae
1018 2426 1128 2473 eornm
1143 2428 1218 2492 pre·

118 2507 193 2572 tinm
209 2509 381 2576 faceret.'³
427 2509 483 2574 Ita
497 2529 634 2594 prorsus
648 2509 830 2593 respondet
844 2509 1008 2574 iacturum
1024 2509 1217 2585 Romanns3

118 2630 179 2675 nec
195 2630 259 2695 pro
274 2610 455 2695 transfugis
469 2611 675 2689 babituram,
687 2614 747 2696 qui
762 2630 828 2675 non
840 2611 1002 2676 duxerint
1021 2612 1219 2677 societatem

118 2722 233 2792 ratam,
247 2715 308 2780 nbi
322 2735 386 2781 nec
403 2716 507 2781 divini
523 2716 718 2800 quicquam,
729 2734 790 2779 nec
805 2713 943 2779 humani
954 2720 1104 2780 sanctum
1120 2721 1219 2789 esset.

120 2814 302 2883 Productae
316 2818 436 2883 deinde
451 2819 485 2882 in
500 2824 716 2902 conspectum
733 2817 803 2881 iis4
816 2816 976 2901 conjuges
990 2817 1153 2901 liberique
1167 2818 1219 2882 la·

120 2922 346 3005 erymantibus
362 2920 484 3003 gaudio
498 2921 693 2999 redduntur,
714 2928 818 3003 atque
841 2940 881 2985 eo
904 2918 960 2983 die
982 2920 1018 2985 in
1034 2919 1219 3004 hospitium

121 3022 280 3089 abductis
324 3020 468 3089 Postero
482 3022 537 3089 die
551 3024 674 3090 toedere
691 3028 834 3106 accepte
846 3022 945 3102 fides,
961 3023 1161 3109 dimissique
1175 3024 1220 3091 ed

122 3220 478 3351 &⁰2⁰de
488 3234 536 3271 m
545 3220 623 3286 imm
638 3236 723 3273 mmet
738 3222 1167 3288 emaculandum
1177 3222 1223 3271 tra·

124 3545 251 3610 cupite-2
269 3546 307 3595 Eo
318 3546 382 3596 celet
397 3546 429 3596 ed
444 3548 547 3610 primun
567 3549 710 3597 caraem
723 3552 793 3610 rupto
804 3546 885 3597 Gron.
901 3548 1012 3614 Donjet.
1030 3548 1108 3597 Cres.
1142 3548 1222 3597 ‘Vul-

126 3620 184 3675 gur
199 3612 279 3661 lectio
294 3612 412 3672 gbrioati
425 3627 453 3661 eu
464 3614 495 3661 ed
510 3613 613 3675 mimum
623 3614 766 3661 sermionem
776 3618 846 3676 repta
856 3613 968 3662 debetur
979 3615 1083 3677 ingente
1095 3612 1224 3674 Rbenaui,

127 3676 169 3726 red
180 3686 279 3737 outre,
288 3690 364 3740 quum
378 3684 452 3727 recte
463 3677 693 3727 Drakenborclrinr
700 3679 843 3733 revocarit,
850 3679 1007 3740 optimorum
1017 3677 1101 3726 Codd.
1110 3679 1224 3727 aucteri-

127 3748 177 3791 tate
187 3742 297 3793 nititur)
314 3742 481 3803 Deum-a
499 3744 540 3791 lie
551 3742 627 3792 cerlis
642 3742 787 3807 ceperimus
797 3743 933 3805 eoum
942 3744 1001 3793 otim
1012 3742 1158 3805 legebatur.
1190 3739 1223 3791 Tb

121 3808 210 3867 frenet
231 3808 337 3885 sustulit
358 3806 524 3856 urenae-r
542 3808 618 3886 Olim·
635 3807 770 3885 legebatur
782 3809 818 3893 ‚in
836 3812 983 3871 comptum
1002 3808 1062 3898 pse.
1093 3807 1177 3856 ‘Put
1196 3808 1223 3883 te

127 3870 411 3987 utulenta·
423 3870 1224 4001 litlaltbltu³¹'5lt3‘'ulr.lt⁰l?”r?i„lb?‘.l““t

128 4002 210 4052 uem
220 4001 419 4067 (iren-Donjut.
450 4001 495 4052 lta
506 4002 567 4053 olim
578 4003 724 4067 legebatur.
758 4002 864 4053 Deinde
874 4003 938 4053 Pet.
949 4002 1165 4053 memnone.

622 4148 647 4199 li
651 4147 730 4199 01¹AE

159 4270 169 4297 ί
187 4264 267 4321 Qum
278 4262 396 4327 gbriurrti
406 4262 518 4328 ecre[ee]
536 4262 650 4315 Palatini
730 4265 738 4297 ⁸
763 4262 904 4327 ltcumoe
920 4261 1016 4325 nem]
1037 4263 1130 4313 Semta
1152 4261 1224 4311 vide·

130 4340 230 4391 cedices
240 4340 345 4403 habeut,
360 4354 412 4391 em
423 4342 487 4391 celet
503 4341 604 4405 prim
619 4356 657 4391 oc-
698 4347 742 4390 tur
761 4339 821 4389 beo
847 4338 978 4388 sententie
996 4353 1030 4388 ex
1050 4346 1119 4389 oret.
1144 4337 1224 4403 legati

131 4417 242 4469 ωἰοιειιι
259 4422 363 4483 raptu,
382 4418 452 4484 qued
468 4419 586 4471 Gronov.
603 4420 657 4485 pla·
699 4414 924 4482 Mityleneiapec
934 4414 1051 4481 Tbneyd.
1062 4414 1225 4480 libuuoep.

133 4501 181 4545 eet
700 4498 741 4545 lt.
