3259 5225
970 378 985 404 .

404 480 493 549 tino
767 530 769 538 .
871 496 906 546 r.
928 495 1024 545 utun
1148 514 1151 521 -

404 644 564 723 bitarent,
589 641 929 727 animadverteretque
953 641 988 707 in
1011 660 1084 719 eos,
1107 640 1168 727 qni
1195 640 1278 708 alibi
1305 640 1502 709 babitarent.

404 746 533 812 Eadem
548 752 668 813 memte
683 743 800 828 Mago,
817 744 1025 811 Hamilcaris
1039 744 1140 821 tilius,
1155 765 1200 810 ex
1214 745 1340 810 minore
1354 745 1503 811 Baliari-

405 866 462 913 nm
486 849 604 921 insola,
628 849 686 914 ubi
707 846 921 933 hybernarat,
936 845 1112 931 juventute
1127 847 1214 912 lecta
1228 848 1264 911 in
1277 847 1424 913 classem
1438 848 1503 911 im·

403 950 527 1036 posita,
541 951 575 1016 in
592 950 722 1017 Italiam
736 951 870 1034 triginta
890 951 992 1016 terme
1009 951 1163 1016 rostratis
1180 950 1325 1016 navibus
1335 954 1370 1015 et
1383 951 1503 1017 multis

404 1055 575 1129 onerariis,
584 1054 762 1121 duodecim
775 1054 880 1119 millia
893 1052 1057 1138 peditum,
1070 1053 1136 1119 dno
1150 1052 1253 1118 ferme
1268 1053 1418 1137 equitnm
1431 1061 1502 1119 tra·

398 1154 505 1239 jecit;
525 1155 756 1242 Genuamque,
771 1155 873 1221 nullis
885 1154 1055 1240 presidiis
1069 1155 1270 1220 maritimam
1284 1174 1378 1221 orant
1389 1161 1501 1220 tntan·

403 1258 504 1338 tibus,
527 1258 695 1343 repentino
719 1258 862 1324 adventu
887 1257 990 1341 cepit.
1043 1257 1194 1323 Indead
1221 1276 1313 1323 oram
1338 1256 1500 1341 Ligurum

402 1358 614 1445 Alpinorum,
626 1362 656 1426 si
667 1362 808 1447 quesibi
818 1362 1049 1427 motastacere
1059 1365 1187 1447 posset,
1197 1360 1338 1426 classem
1353 1360 1502 1444 appulit.

401 1462 563 1547 Ingaunir
574 1462 751 1550 (Ligurum
766 1484 807 1529 ea
821 1484 899 1548 gens
913 1467 983 1544 est)
998 1464 1123 1530 bellum
1137 1484 1179 1529 ea
1192 1468 1393 1547 tempestate
1407 1482 1500 1545 gere-

401 1565 486 1632 bant
511 1586 587 1631 cum
605 1566 815 1651 Epanteriis·
840 1568 1018 1633 montanis.
1061 1567 1170 1649 Igitur
1189 1566 1331 1645 Pronus,
1348 1564 1500 1631 Savoue‘

401 1667 529 1754 oppida
543 1668 671 1753 Alpino
690 1670 807 1755 praeda
821 1669 986 1755 deposita,
1001 1678 1036 1736 ct
1049 1670 1167 1736 decem
1181 1670 1290 1753 longis
1304 1670 1448 1735 navibus
1462 1671 1497 1734 in

401 1772 547 1838 statione
562 1772 605 1836 ad
620 1773 813 1857 praesidium
835 1774 975 1853 relictis,
993 1774 1115 1841 ceteris
1138 1772 1370 1855 Carthaginem
1383 1772 1498 1839 missis

302 1924 305 1935 .
401 1872 445 1939 ad
468 1875 625 1940 tuendam
647 1874 845 1942 maritimam
868 1896 973 1955 oram,
996 1878 1077 1961 quie
1100 1877 1191 1942 sama
1213 1879 1283 1941 erat
1303 1875 1498 1958 Scipionem

399 1974 613 2060 trajectarum
637 1996 726 2056 esse,
748 1978 836 2061 ipse,
858 1979 1023 2044 societate
1048 1998 1126 2044 cum
1151 1976 1326 2061 Ingaunis,
1357 1996 1497 2060 quorum

399 2079 540 2163 gratiam
562 2079 719 2153 malebat,
737 2081 936 2165 composita,
959 2086 1132 2146 montanos
1155 2081 1303 2146 instituit
1314 2086 1341 2129 ¹⁷
1364 2097 1495 2163 oppug-

400 2200 491 2245 nare.
535 2179 580 2246 Et
605 2183 781 2247 crescebat
801 2184 967 2249 exercitus
985 2184 1021 2248 in
1042 2182 1128 2261 dies,
1148 2182 1330 2248 adsumam
1351 2182 1492 2247 nominis

399 2280 472 2365 ejus
491 2282 604 2349 Gallis
621 2284 768 2371 undique
787 2286 1037 2353 confluentibus.
1079 2286 1131 2352 Ea
1153 2285 1255 2352 literis
1274 2286 1409 2366 cognita
1433 2284 1493 2367 Sp.

399 2382 561 2466 Lucretii,
576 2406 619 2451 ne
631 2386 765 2465 frustra,
781 2388 998 2455 Hasdrubale
1019 2409 1096 2455 cum
1110 2390 1262 2454 exercitu
1276 2387 1388 2453 deleto
1401 2389 1496 2454 bien·

399 2486 458 2553 nio
474 2495 563 2567 ante,
578 2489 811 2571 ferentinati,
824 2490 1355 2576 siparalindindebeilum‚dace
1366 2496 1495 2555 tantum

398 2596 539 2668 mutato,
561 2590 711 2673 oriretur,
737 2610 850 2660 coram
875 2594 1038 2678 ingentem
1058 2593 1278 2660 accenderunt
1299 2591 1496 2659 Patribna¹⁸

399 2691 522 2777 ltaque
538 2699 572 2760 ct
586 2693 637 2759 M.
652 2695 783 2760 Livium
797 2698 1031 2785 proconsulem
1047 2715 1092 2762 ex
1113 2697 1246 2762 Etruria
1260 2697 1416 2762 volonum
1432 2714 1495 2761 ex·

399 2795 537 2861 ercitum
554 2794 729 2864 admovere
739 2794 924 2862 Ariminum
934 2797 1117 2884 jusserunt,
1128 2805 1163 2864 et
1174 2797 1237 2863 Gn.
1248 2799 1391 2865 Servilio
1406 2817 1493 2882 prae·

398 2895 467 2962 tori
490 2900 656 2982 negotium
683 2899 810 2980 datum,
839 2909 888 2981 nt,
910 2901 941 2965 si
966 2921 986 2966 e
1009 2902 1203 2986 republica
1225 2908 1378 2967 censeret
1404 2921 1493 2978 esse,

398 2998 543 3066 urbanas
556 3009 582 3054 ¹⁹
604 3001 762 3086 legiones,
777 3004 833 3068 cui
847 3003 990 3088 imperio
1005 3003 1173 3070 videretur
1186 3002 1325 3082 dato‚⁸'²⁰
1338 3023 1385 3069 ex
1400 3002 1493 3070 Urbe

432 3149 441 3183 l
457 3150 559 3216 inperia
569 3153 595 3204 itt
606 3153 760 3218 sategisset
770 3157 827 3206 dato
837 3156 1211 3222 assemsum·

398 3362 475 3414 deest
492 3365 518 3414 iu
536 3366 634 3431 aliquot
658 3368 723 3422 Mes.
745 3369 807 3420 illud
834 3371 859 3421 iu
881 3371 1004 3435 pluribus,
1020 3379 1047 3421 at
1066 3371 1092 3422 ln
1110 3371 1170 3422 cdd.
1188 3379 1249 3422 ante
1268 3368 1336 3421 Ait!
1356 3370 1493 3436 Rapsa.—

399 3431 430 3506 lJ
448 3433 456 3458 ⁴
468 3429 585 3480 Rhsnsn.
596 3447 628 3482 er
641 3435 715 3484 nnius
726 3436 810 3485 codic.
823 3438 981 3487 anctoritate
993 3445 1091 3500 prater
1101 3438 1286 3492 necessitatem
1297 3437 1412 3498 reposuit
1424 3439 1493 3487 iasti-

397 3492 450 3544 tst.’
467 3497 658 3560 mering—18
687 3499 742 3549 ‘Ut
760 3499 827 3551 liber
844 3502 970 3564 litterani,
988 3502 1051 3552 Pot.
1069 3510 1096 3552 et
1115 3517 1203 3552 omnes
1219 3502 1286 3552 (leit.
1305 3500 1493 3567 Vossianssqae

397 3565 514 3624 moretm,
530 3576 611 3611 emat
624 3563 751 3623 agatem·
759 3567 866 3616 arcessiit
879 3567 1009 3617 Patribus.-
1031 3568 1128 3632 itaque.
1142 3575 1171 3618 ut
1190 3565 1346 3629 respondeat
1356 3569 1442 3616 oratio
1454 3582 1493 3616 sn·

398 3623 495 3688 perior,
506 3626 539 3676 de
556 3629 708 3692 conjecturs
725 3631 844 3684 Rhenan.
855 3648 884 3682 es
896 3647 936 3683 res
951 3632 1031 3682 titsrls
1045 3632 1157 3696 mgsita’
1170 3631 1198 3684 J.
1216 3632 1248 3682 1⁸¹.
1259 3631 1408 3682 tirum-²1⁹
1423 3632 1494 3682 Dm

429 3851 570 3919 1113111111]
596 3854 723 3906 Maritimi
743 3856 791 3907 snb
813 3856 924 3922 Alpibus
963 3855 1253 3909 locoernitclnrsrius.
1284 3852 1490 3905 Vltlennmcor·

396 3927 520 3993 Ligurum
537 3931 625 3996 populi
642 3931 714 3984 luera
730 3935 923 4001 lugsuni‚qne·
963 3940 1067 4000 raptum
1093 3933 1214 3983 rideatur
1241 3944 1345 3987 nomen,
1373 3930 1490 3980 scriben-

396 4020 453 4056 rum
471 4007 533 4058 urbs
550 4008 655 4061 Albium
674 4011 828 4078 Ingaunum,
846 4015 923 4064 bottis
963 4011 1076 4074 dumque
1095 4011 1130 4060 sit
1156 4023 1209 4060 esst
1228 4006 1369 4068 rumano,
1383 4021 1489 4071 quoto·

395 4084 511 4147 mim
641 4075 645 4086 ⁸
962 4087 1087 4153 oppidum
1108 4085 1212 4137 Albium
1226 4083 1411 4145 Intsmsllotn3
1428 4097 1489 4147 qae-

426 4168 437 4194 ⁸
454 4161 515 4210 Cata
532 4163 683 4228 Epanteriis]
700 4164 799 4216 Horum
810 4166 922 4231 Ligurius
963 4179 1018 4215 rant
1027 4161 1217 4221 fiaes‚blernls
1229 4158 1299 4209 forte
1311 4159 1431 4209 smnesls
1447 4159 1489 4208 ln-

396 4238 550 4300 popnlorntu
562 4254 626 4291 nuos
638 4240 707 4308 quod
719 4243 797 4293 sciam
809 4246 924 4294 meminit
963 4242 1055 4306 gennis
1070 4240 1156 4304 dirisi,
1170 4239 1243 4303 regio
1254 4245 1395 4287 montana:
1412 4235 1489 4286 bodie

394 4310 492 4362 Livius.
523 4315 574 4365 lios
585 4330 664 4381 snpra
674 4317 863 4383 Albingaunum
878 4335 924 4384 ep·
967 4318 1129 4380 Vestiatglts.

393 4388 481 4452 pidntn
495 4388 591 4456 Alplns
599 4393 668 4458 jngs
678 4394 813 4446 incoluisse
824 4409 857 4445 er
873 4395 923 4448 boc
989 4397 1005 4447 ,²
1021 4391 1127 4455 Sacas]
1144 4390 1256 4457 Liguria
1267 4390 1328 4442 orbs
1342 4390 1418 4447 stro,
1435 4390 1489 4442 sits
