3259 5225
381 597 482 666 -2222
744 639 749 649 -
865 611 899 659 n.
923 611 1020 661 nrvrr

394 755 593 840 implicitus,
605 753 713 820 aerius
727 773 790 838 ape
804 751 953 820 omnium
972 753 1117 821 Romam
1134 756 1234 822 venit.
1279 755 1330 824 M.
1346 755 1492 824 Marcel·

394 857 459 935 lus,
473 876 550 922 cum
575 856 696 922 Idibus
719 855 855 921 Martiis
879 855 1090 922 consulatum
1113 853 1259 933 inisset?
1280 865 1433 926 senatum
1448 879 1491 924 eo

395 959 462 1037 die,
474 961 575 1024 moris
587 959 685 1024 modo
700 957 955 1036 eauaa,habuit,
966 958 1153 1042 professus,
1177 959 1278 1025 ‘nihil
1289 981 1338 1038 se,
1350 961 1490 1026 absente

395 1062 533 1146 collega,
547 1081 657 1147 neque
671 1061 716 1126 de
729 1081 764 1125 re
778 1061 928 1146 publica,
939 1079 1046 1145 neque
1063 1061 1105 1126 de
1119 1061 1317 1146 provinciis,
1328 1070 1490 1130 actumm.

394 1164 490 1230 Scire
505 1185 554 1242 se,
570 1163 760 1248 frequentes
776 1163 910 1228 Siculos
924 1182 1030 1248 prope
1049 1163 1171 1230 Urbem
1192 1165 1227 1229 in
1247 1165 1338 1231 villis
1360 1166 1493 1232 obtrec-

394 1274 540 1336 tatorum
565 1287 698 1334 suornm
720 1286 809 1332 esse.
853 1265 999 1345 Quibus,
1013 1271 1141 1332 tantum
1154 1268 1286 1347 abesse,
1303 1274 1342 1334 ut
1366 1287 1428 1352 per
1453 1287 1492 1334 ae

394 1390 461 1436 non
473 1370 574 1436 lioeat
586 1370 697 1455 palam
713 1368 834 1435 Romae
849 1367 989 1434 erimina
1002 1368 1091 1433 edita
1111 1369 1258 1454 fictuque
1285 1370 1329 1437 ab
1344 1371 1492 1436 inimicis

393 1473 541 1556 vulgare,
564 1480 613 1551 ut,
636 1473 671 1538 ni
692 1472 894 1548 simularent,
913 1471 1057 1556 aliquem
1083 1471 1148 1536 sibi
1167 1473 1327 1551 timorem,
1352 1473 1493 1538 absente

393 1575 534 1658 collega,
548 1574 681 1640 dicendi
697 1574 740 1639 (le
754 1575 893 1640 consule
909 1593 994 1653 esse,
1009 1575 1082 1658 ipse
1097 1575 1146 1638 eis
1167 1575 1337 1660 extemplo
1352 1576 1492 1642 daturus

394 1684 549 1745 senatum
568 1677 678 1744 fuerit.
721 1670 792 1742 Ubi
807 1676 941 1761 quidem
962 1676 1094 1757 collega
1109 1678 1267 1754 venisset,
1281 1697 1346 1741 non
1369 1697 1492 1762 passu·

392 1800 465 1846 rum
475 1781 659 1866 quicquam
673 1779 765 1865 prius
780 1781 845 1863 agi,
857 1799 955 1864 quam
970 1785 1028 1843 ut⁵
1052 1778 1158 1844 Siculi
1171 1780 1204 1844 in
1219 1787 1373 1844 senatum
1386 1781 1490 1844 intro-

392 1883 567 1950 ducantur.
612 1883 792 1948 Delectum
817 1902 923 1967 prope
938 1901 959 1948 a
974 1881 1022 1946 Μ.
1039 1880 1196 1947 Cornelio
1212 1901 1272 1966 per
1286 1887 1388 1948 totam
1405 1882 1490 1950 Siei-

391 1985 473 2052 lium
501 1983 665 2064 habitum,
691 1990 728 2049 nt
756 2005 856 2069 qnam
884 1984 1018 2070 plurimi
1041 1990 1192 2068 questum
1217 1984 1260 2048 de
1283 2003 1321 2048 ee
1344 1983 1491 2052 Rumam

392 2087 552 2154 venirent.
594 2085 749 2154 Eundem
761 2087 867 2153 literis
882 2087 976 2151 falsis
988 2085 1114 2152 Urbem
1129 2087 1299 2170 implesse,
1314 2087 1439 2152 bellum
1454 2089 1492 2152 in

392 2187 513 2254 Sicilia
540 2207 628 2268 esso,
650 2197 690 2255 ut
712 2209 808 2254 anam
835 2188 969 2254 landem
998 2189 1145 2253 minuat!
1189 2189 1357 2254 Moderati
1386 2192 1491 2256 animi

394 2290 533 2376 gloriam
547 2291 660 2358 eo'die
674 2290 819 2376 adeptus
834 2290 966 2369 consul,
990 2299 1144 2361 senatum
1161 2289 1304 2372 dimisit3
1327 2310 1368 2357 ac
1382 2311 1491 2377 prope

386 2391 554 2477 justitium
566 2394 714 2459 omnium
725 2412 836 2458 rerum
847 2393 990 2458 futurum
1003 2392 1184 2472 videbatur,
1195 2392 1300 2460 donee
1313 2394 1396 2459 alter
1408 2414 1491 2460 con·

391 2495 445 2560 aul
458 2494 640 2562 ud'Urbem
656 2497 813 2562 venisset.
857 2493 985 2573 Otium,
995 2502 1032 2561 ut
1042 2495 1140 2574 solet,
1148 2497 1308 2562 excitavit
1319 2496 1427 2582 plebia
1436 2517 1489 2562 rn-

391 2617 521 2663 morea:
544 2598 645 2664 ‘belli
660 2596 897 2665 diuturnitate⁶
918 2603 951 2664 et
965 2604 1118 2663 vastatos
1133 2618 1230 2681 agros
1246 2599 1337 2666 oirea
1351 2597 1490 2679 Urbem,

393 2720 462 2786 qna
484 2701 609 2767 infesto
629 2703 760 2786 agmine
783 2702 864 2765 isset
887 2700 1071 2778 Hannibal,
1086 2706 1120 2765 et
1133 2700 1336 2766 exhaustam
1350 2702 1491 2769 delecti·

390 2804 456 2869 bue
477 2803 627 2883 Italiam,
646 2812 681 2871 et
702 2824 812 2889 prope
827 2803 1008 2888 quotannis
1028 2805 1198 2868 exercitus
1214 2812 1348 2870 caesosl’
1370 2824 1490 2889 quere·

391 2906 516 2972 bantur
526 2914 557 2990 3⁷
578 2914 612 2973 et
626 2907 782 2974 eonsules
798 2906 978 2971 bellicosos
991 2907 1101 2985 ambo,
1116 2907 1206 2971 viros
1220 2926 1315 2973 aeres
1334 2908 1433 2973 nimis
1453 2918 1490 2975 et

391 3009 533 3088 feroces,
556 3018 700 3088 creatos,
726 3011 787 3095 qui
811 3010 866 3074 vel
887 3008 922 3073 in
945 3027 1030 3092 pace
1053 3008 1230 3092 tranquilla
1253 3009 1373 3075 bellum
1394 3014 1490 3077 exei-

390 3122 461 3179 tare
476 3119 623 3197 possent,
632 3114 753 3179 nedum
767 3113 803 3178 in
817 3112 908 3177 bello
919 3112 1087 3196 respirare
1101 3112 1275 3179 civitatem
1290 3112 1397 3178 forent
1408 3134 1489 3199 paa-

391 3214 483 3283 aurr.’
1427 3227 1428 3235 ’

767 3324 776 3352 Ι
850 3330 1030 3353 ommnuo

391 3451 408 3496 ³
425 3444 468 3497 ΑΙ.
476 3447 601 3498 omittunt
609 3448 640 3499 rb
650 3454 736 3501 art—tl
751 3450 943 3501 Diatamitolem
952 3449 998 3500 dat
1008 3448 1193 3515 KreyrrigeY
1210 3448 1241 3499 lo
1253 3447 1320 3499 Eud.
1332 3454 1393 3499 ante
1404 3450 1487 3502 Gron.

389 3515 416 3561 et
428 3526 473 3575 pre
490 3514 611 3576 repulia
628 3515 720 3565 canam
736 3517 856 3566 aeratae
874 3515 1126 3580 annumerabuntur.
1160 3515 1227 3563 Pell.
1246 3516 1317 3564 Meu·
1332 3513 1391 3566 Pet.
1413 3518 1486 3566 Voar.

387 3580 542 3707 90ῼῖνά
554 3579 695 3632 curam.
726 3581 790 3632 Put.
806 3595 887 3647 prore
903 3582 964 3646 quod
982 3580 1061 3630 uaair.
1093 3579 1161 3629 Dein
1172 3580 1235 3629 abel
1250 3580 1303 3630 del.
1315 3578 1397 3629 Gron.
1408 3582 1485 3634 Creo.

887 3760 993 3814 NO‘l'AE

422 3852 439 3883 ⁸
454 3852 488 3905 Α.
501 3854 535 3908 U.
546 3854 577 3906 C.
587 3860 645 3909 541.
957 3856 1125 3910 fermeelade
1142 3871 1236 3922 magua
1250 3858 1383 3923 pugnare·
1418 3860 1486 3911 Nam

423 3931 531 3995 lPropt
550 3933 677 3997 mutuante
695 3934 814 3985 molter
834 3932 919 3999 curor]
957 3932 1021 3985 ferri
1033 3950 1084 3986 non
1096 3935 1262 4001 putantquod
1275 3936 1301 3985 in
1313 3936 1487 4001 aliirecriptir

272 4041 276 4053 ·
393 4008 505 4073 Egregie
525 4009 593 4061 buno
608 4011 693 4062 loenm
709 4011 831 4061 emendat
852 4012 918 4063 Gro·
958 4012 1090 4063 codicibus
1109 4012 1486 4077 legitnrprerepuodcam.

394 4097 454 4135 nor.
469 4086 576 4136 mutatis
592 4085 691 4138 doabnr
707 4102 741 4137 ex
756 4086 848 4138 codiee
865 4089 917 4138 Pu·
958 4091 1007 4141 eie:
1031 4091 1106 4154 longe
1126 4089 1211 4139 minua
1232 4087 1336 4153 vulgat·
1354 4089 1443 4155 lectio,
1461 4095 1487 4139 et

391 4167 469 4211 teano
479 4160 572 4227 literis,
582 4162 626 4220 nbi
636 4164 763 4229 reriptum
773 4173 831 4216 erat
841 4180 884 4229 pro
893 4179 919 4215 re
956 4180 1000 4229 pro
1016 4182 1066 4232 rep.
1079 4164 1169 4215 Canale
1183 4164 1304 4215 meatu
1318 4180 1390 4215 cem
1404 4180 1486 4230 quere·

389 4240 450 4301 quod
475 4241 554 4301 anab,
575 4247 714 4306 tueturque
741 4242 918 4305 conjecturum
959 4243 1053 4293 urar.
1076 4242 1180 4293 Etenim
1190 4240 1354 4306 longinquior
1364 4250 1421 4291 erat
1430 4242 1487 4293 bae

391 4312 470 4362 rimili
487 4313 546 4365 loeo
563 4316 624 4366 libri
643 4318 759 4381 proxime
776 4320 917 4384 sequeutia,
958 4320 1099 4371 Cannensis
1112 4318 1209 4385 elader,
1219 4330 1295 4381 quam
1305 4326 1334 4368 nt
1345 4318 1405 4368 nori
1416 4333 1486 4371 nano

388 4387 533 4441 ‘uectura
550 4405 645 4443 annom
662 4394 808 4446 delectibor
828 4404 855 4447 et
870 4397 916 4445 ati·
958 4410 990 4447 ea
1002 4409 1034 4447 ea
1044 4403 1150 4462 quartur
1162 4393 1302 4445 orirentur.

389 4465 491 4530 pendite
518 4468 659 4520 exhaurtor
686 4484 752 4536 erae,
777 4473 916 4539 quotannir
