3259 5225
496 553 570 603 nra.
593 552 692 601 xxv.
713 552 795 601 cre.
817 534 873 599 26.
1144 533 1231 601 2131

128 708 245 773 diuam
263 704 352 784 inde,
373 703 490 769 trinis³
513 698 636 765 castris
655 717 718 782 per
735 696 860 763 idonee
878 694 1056 784 dispositis
1069 700 1156 779 locu,
1170 720 1231 785 spe

128 811 173 875 ad
184 810 333 892 inopiam
348 804 497 871 omnium
507 820 615 867 rernm
631 800 781 865 inclusus
791 801 1033 880 redacturum,⁴
1054 804 1233 867 circumse-

128 913 188 977 dir.
233 910 319 975 Cum
335 927 395 992 per
410 908 542 990 aliquot
554 902 629 968 dies
644 903 769 987 quiete
783 902 948 967 stationes
970 904 1138 989 utrimque
1152 906 1232 971 luis-

127 1022 218 1092 sent,
233 1021 369 1096 repente
383 1009 545 1075 adventus
561 1004 789 1089 Hippocratis
803 1012 839 1068 et
853 1004 1068 1085 Himilconis,
1084 1017 1121 1073 ut
1142 1010 1232 1075 ultro

126 1116 282 1201 undique
293 1118 564 1199 oppugnarentur
578 1106 735 1185 Romani,
747 1107 840 1172 fecit·
885 1106 977 1173 Nam
991 1117 1026 1176 et
1041 1110 1234 1195 Hippocra-

127 1228 193 1297 tes,
222 1221 340 1283 eastris
362 1214 405 1282 ad
426 1230 583 1296 magnum
604 1215 737 1294 portum
758 1211 982 1290 communitis,
1005 1212 1169 1299 signoque
1190 1218 1234 1282 iis

128 1322 227 1399 dato,
241 1322 301 1404 qui
315 1316 545 1385 Achradinam
558 1314 726 1390 tenebant,
741 1321 855 1377 castra
875 1319 991 1379 vetera
1006 1315 1233 1384 Romanorum

131 1424 274 1489 adortus
295 1426 360 1501 est,
385 1421 510 1505 quibus
525 1415 701 1502 Crispinus
715 1424 877 1500 praeeram
899 1424 935 1482 et
949 1418 1123 1503 Epicydes
1137 1442 1237 1509 erup-

129 1527 259 1591 tionem
272 1527 308 1591 in
321 1525 482 1589 stationes
498 1520 652 1585 Marcelli
662 1518 765 1599 fecit3
787 1527 824 1584 et
838 1520 959 1585 classis
976 1521 1104 1589 Punica
1119 1525 1235 1593 littori,

133 1628 228 1714 qnod
245 1629 331 1693 iuter
350 1626 466 1691 urbem
479 1628 512 1687 et
532 1626 643 1687 castra
664 1618 822 1687 Romana
844 1628 923 1698 erat,
946 1626 1090 1710 appulsa
1112 1634 1175 1706 ast,
1193 1650 1236 1695 ne

128 1730 217 1815 qnid
241 1728 395 1814 praesidii
409 1725 565 1809 Crispino
586 1722 746 1788 summitti
769 1744 792 1789 a
811 1725 974 1791 Marcello
994 1736 1122 1813 posset.
1164 1731 1236 1797 Tn-

131 1835 280 1899 multum
287 1840 399 1897 tamen
409 1828 569 1913 majorem
582 1828 697 1893 hostes
708 1829 930 1912 praebuerunt,
942 1848 1041 1913 quam
1058 1841 1237 1898 certamen.

132 1934 228 2002 Nam
243 1941 278 2000 et
292 1932 469 2015 Crispinus
483 1929 723 2014 Hippocraten
743 1949 812 1994 non
834 1932 956 2014 repulit
976 1939 1104 2000 tantum
1129 1937 1238 2001 mnni-

133 2038 285 2114 ruentis,5
308 2036 368 2101 sed
388 2036 563 2099 insecutus
577 2033 680 2097 ctiam
694 2038 746 2097 est
760 2033 889 2117 trepide
905 2035 1096 2117 lugientem,
1108 2042 1141 2103 et
1154 2037 1238 2123 Epi·

133 2140 247 2227 cyden
265 2138 447 2205 Marcellus
459 2138 495 2201 in
508 2136 623 2201 urbem
636 2136 822 2220 compulit:
845 2138 997 2223 satisque
1006 2140 1078 2225 Jam
1089 2142 1191 2207 etiam
1202 2143 1239 2207 in

135 2249 309 2329 posterum
325 2239 500 2306 videbatur
513 2237 697 2321 provisum,
706 2256 749 2302 ne
763 2238 846 2322 quid
862 2240 906 2304 ab
922 2242 1106 2325 repentinis
1121 2262 1239 2309 eorum

134 2344 396 2413 excursionibus
409 2342 552 2426 periculi
565 2340 658 2406 foret
689 2338 850 2406 Accessit
863 2346 898 2406 et
908 2344 1126 2427 pestilentia,⁶
1147 2366 1240 2413 com·

136 2468 239 2515 mune
262 2445 401 2523 nimum,
423 2442 515 2528 qnod
537 2440 638 2507 tacite
660 2448 879 2526 utrorumque
899 2444 1028 2511 animos
1042 2454 1203 2515 evomeret
1218 2470 1240 2515 a

136 2552 218 2620 belli
234 2548 395 2615 consiliis.
424 2545 516 2611 Nem
527 2550 678 2630 tempore
687 2546 852 2624 autumni,
863 2551 895 2611 et
905 2546 990 2612 locis
1004 2554 1121 2615 nutura
1132 2552 1241 2635 gravi-

137 2654 232 2734 irus,⁴
246 2652 351 2718 multo
364 2658 479 2717 tamen
491 2649 602 2731 magis
622 2653 721 2713 extra
740 2650 866 2728 urbem,
881 2669 981 2735 qnam
996 2652 1031 2717 iu
1046 2654 1140 2732 urbe,
1155 2654 1240 2721 into-

136 2755 279 2824 leranda
289 2757 341 2820 vis
354 2762 461 2819 estus
474 2771 534 2837 per
545 2761 686 2836 utreque
700 2759 811 2818 cestra
823 2754 972 2818 omnium
982 2753 1086 2822 ferme
1101 2775 1242 2842 corpore

138 2861 261 2926 movit.
305 2858 351 2923 Et
370 2857 479 2941 primo
501 2854 662 2939 temporis
684 2873 725 2918 ac
739 2853 810 2920 loci
831 2853 914 2920 vitio
934 2862 970 2920 et
989 2857 1071 2940 regri
1086 2867 1194 2936 erant,
1208 2866 1242 2926 et

138 2965 406 3030 moriebantur:⁰
427 2966 549 3044 postea
570 2958 701 3026 curatio
724 2959 859 3043 ipsust
883 2966 1059 3026 conmotus
1079 2981 1242 3044 aegrorum

138 3065 304 3148 vulgabat
324 3064 479 3143 morbos3
501 3067 541 3126 ut
559 3067 621 3125 ant
637 3059 778 3143 neglecti
799 3059 1003 3148 desertique,
1024 3063 1082 3150 qni
1105 3065 1243 3130 incidis·

138 3175 224 3244 sont,
239 3174 457 3242 morerentur,
471 3171 531 3229 aut
541 3162 731 3229 assidentes
745 3171 966 3250 curantesque
980 3166 1098 3232 cadem
1110 3166 1144 3232 vi
1158 3187 1244 3232 mur·
1280 3167 1283 3181 ¹

141 3271 179 3334 bi
195 3269 343 3354 repletos
357 3286 472 3333 secum
485 3264 671 3345 traherent3
693 3265 953 3352 quotidianaque
973 3267 1090 3334 funera
1104 3278 1138 3335 et
1152 3289 1243 3335 mors

141 3369 189 3437 ob
204 3369 350 3436 oculus⁷
372 3375 475 3448 esset,
489 3373 524 3432 et
538 3367 684 3451 undique
696 3365 769 3432 dies
784 3373 969 3455 noctesque
979 3370 1133 3454 ploratus
1149 3373 1243 3439 audi·

141 3482 272 3539 rentur.
303 3471 481 3537 Postremo
495 3471 543 3536 ita
557 3470 771 3535 assuetudine
780 3471 863 3536 mali
873 3471 1093 3541 efferaverant
1104 3477 1244 3556 animos,

142 3582 182 3643 ut
193 3595 265 3640 uon
274 3574 400 3643 modo⁸
414 3573 597 3659 lacrymisP
613 3573 777 3659 justoque
787 3576 997 3660 comploratu
1004 3597 1245 3664 prosequeren-

177 3765 874 3834 *mamwmmmaaaam

608 3897 787 3922 commu

180 4017 197 4064 1
213 4011 257 4063 ΑΙ.
273 4013 406 4064 ναίω-4
423 4013 466 4064 ΑΙ.
482 4015 632 4066 rodam
641 4023 724 4067 eru-t
740 4017 926 4069 Aminmtit
941 4017 1008 4070 Edd.
1025 4024 1087 4069 ante
1099 4019 1247 4070 Gronov.-

144 4083 164 4130 o
181 4079 191 4107 ‘
204 4079 265 4129 l’nt.
277 4079 336 4128 Pet.
345 4079 421 4129 Voss.
432 4080 540 4130 decutit
555 4087 579 4129 et
595 4082 780 4145 adpetitmis.
814 4083 932 4148 llepooe,
943 4084 1083 4134 Accesserat
1100 4089 1124 4133 ct
1136 4084 1248 4147 pestilen-

143 4143 202 4194 tis!
217 4142 246 4195 J.
258 4145 290 4194 Ρ.
301 4143 465 4195 Gronau-l
478 4145 516 4194 Oi
524 4146 711 4197 mmmm
720 4147 789 4198 Edd.
800 4158 862 4199 ante
873 4149 1038 4200 Gronau-8
1055 4149 1112 4199 Nur
1122 4149 1191 4198 nodo
1200 4162 1248 4198 nora

640 4277 748 4329 Nom

182 4380 195 4406 ·
210 4371 424 4436 Βητίων]
438 4373 534 4425 llorlro
543 4379 680 4426 contracto
719 4391 772 4442 quo
782 4377 1068 4429 accedentecrescebat
1079 4378 1183 4428 malurn.

146 4463 185 4500 ex
196 4447 265 4499 siim
275 4449 349 4506 vitio,
361 4449 417 4500 siue
434 4449 520 4502 alieno
534 4459 658 4504 cosmeta
669 4468 678 4514 ς
751 4463 765 4498 t
781 4457 838 4506 Nos
849 4458 917 4507 urdo
929 4455 999 4522 [ros]
1015 4455 1138 4522 how]
1155 4455 1248 4505 Poste·
