3259 5225
490 559 562 611 ura.
583 559 715 610 xxvrr.
737 563 820 612 cur.
840 549 896 616 40.
1152 553 1243 620 2365·

140 705 190 767 ter
207 701 338 769 mitiora
353 703 424 789 jam
445 701 615 770 bominum
639 705 807 772 transibat
828 707 981 792 ingonias
1023 703 1236 780 Invisitati⁷⁸

138 819 286 890 namque
314 815 414 872 antea
442 791 651 890 alienigenis,
682 827 743 874 uec
776 809 889 877 videre
917 813 984 898 ipsi
1007 810 1170 881 advenam
1199 818 1236 882 in

138 928 204 974 oua
219 917 305 974 terra
320 909 458 986 assueti,
478 911 569 973 omni
592 911 701 992 generi
722 912 867 977 humano
889 913 1105 982 insociabiles
1127 929 1234 989 erant.

138 1013 183 1078 Et
198 1013 306 1096 primo
330 1012 446 1094 ignari,
466 1031 534 1096 quo
556 1010 680 1077 Poenus
701 1021 857 1098 pergeret,
878 1035 960 1081 auae
978 1037 1080 1102 rupee
1103 1041 1234 1106 unaque

136 1114 276 1180 castolla
291 1123 325 1180 et
339 1135 496 1200 pecorum
511 1116 747 1199 hominumque
764 1116 913 1200 proedam
924 1120 994 1205 peti
1005 1122 1237 1194 crodiderautz

135 1219 229 1283 sama
247 1217 370 1282 deinde
392 1216 514 1282 Punici
533 1216 624 1296 belli,
647 1237 716 1302 quo
738 1218 972 1287 duodecimum
993 1242 1115 1289 aunum
1135 1226 1234 1293 ltalia

134 1319 319 1399 urebatur,⁸
340 1321 423 1385 satis
444 1320 632 1398 edocuerat,
645 1323 734 1388 viam
751 1329 880 1388 tautum
896 1323 1003 1410 Alpes
1017 1339 1133 1408 esee3'
1146 1329 1234 1396 duaa

134 1424 338 1509 praeualidae
352 1423 464 1503 urbes,
480 1443 600 1507 magno
616 1425 703 1491 inter
716 1444 754 1490 se
769 1427 873 1490 mario
883 1436 1110 1513 torrammque
1121 1435 1232 1515 spatio

134 1527 311 1605 discretas,
326 1526 368 1591 de
387 1527 528 1610 imperio
551 1535 597 1593 et>
609 1527 730 1614 opibus
757 1535 892 1594 certare.
935 1529 1004 1596 Hae
1022 1550 1137 1597 caueae
1151 1553 1233 1618 ape·

134 1637 271 1696 ruerant
285 1630 391 1715 Alpes
405 1629 627 1695 Hasdrubali.
671 1629 827 1724 Cetemm
845 1631 933 1715 quod
948 1633 1119 1699 celeritate
1133 1635 1230 1700 itine-

133 1735 181 1799 ris
206 1733 396 1818 profectum
417 1740 500 1810 crat,
526 1731 560 1797 id
586 1752 679 1798 mora
700 1733 742 1797 ad
767 1733 986 1813 Placentiam,
1007 1735 1086 1800 dum
1107 1737 1231 1804 fmetra

133 1836 269 1902 obsidet
283 1838 403 1919 magis,
419 1855 520 1920 quam
537 1841 720 1920 oppugnat,
735 1838 893 1921 corrupit.
928 1837 1126 1904 Crediderat
1139 1855 1242 1924 cam-p

130 1939 258 2024 postris
277 1939 415 2024 oppidi‘
438 1936 569 2004 facilem
596 1941 877 2024 expuguationem
901 1960 996 2021 esae3
1019 1948 1053 2006 et
1067 1943 1229 2008 nobilitas

130 2040 274 2108 coloniae
290 2040 469 2106 induxerat
482 2059 571 2115 eum,
593 2059 747 2125 maguum
763 2061 800 2106 se
816 2042 951 2108 excidio
967 2043 1042 2128 ejus
1057 2045 1150 2109 urbis
1165 2053 1229 2110 ter-

128 2163 240 2209 rorem
262 2142 381 2209 ceteris
402 2150 533 2208 ratum⁹
549 2141 770 2228 injecturuml·
826 2143 905 2210 Nou
926 2148 1036 2230 ipsum
1056 2147 1165 2212 solum
1185 2169 1229 2216 ea

129 2248 338 2331 oppugnatio
353 2246 517 2332 impediit,
533 2246 593 2311 sod
607 2245 834 2312 Hannibalem
846 2257 926 2331 poet
935 2249 1057 2314 fammu
1067 2252 1228 2317 transitur

128 2349 214 2434 ejus,
227 2356 319 2415 tauto
335 2370 398 2434 spe
415 2369 478 2414 sna
492 2347 698 2427 celeriorem,
711 2347 783 2432 jam
798 2357 986 2414 mouentem
1000 2370 1044 2414 ex
1059 2351 1227 2435 hybernia,

127 2453 356 2536 continuerat3
372 2453 497 2538 quippe
510 2456 732 2535 reputantem,
746 2470 811 2515 non
826 2451 932 2516 solum
948 2470 1049 2534 quam
1064 2453 1157 2519 lenta
1170 2474 1227 2519 ur·

125 2555 220 2621 bium
235 2555 442 2641 oppugnatio
457 2562 561 2632 esset,
585 2551 645 2617 aad
670 2552 772 2617 otiam
795 2570 897 2635 quam
918 2551 993 2636 ipae
1011 2551 1133 2618 frustra
1146 2574 1225 2620 eau-

124 2659 204 2724 dem
218 2660 310 2725 illam
327 2655 511 2737 coloniam}
526 2659 569 2723 ab
588 2655 715 2721 Trebia
729 2656 836 2721 victor
850 2664 1033 2739 regressus,
1050 2663 1224 2724 tentasset

167 2762 223 2827 40.
245 2758 421 2839 Consules,
437 2759 579 2825 divorsis
594 2758 768 2823 itineribus
790 2757 929 2841 pmfecti
944 2758 988 2823 ab
1008 2758 1113 2837 Urbe,
1128 2762 1224 2827 velut

122 2864 159 2929 iu
174 2864 244 2930 duo
259 2863 385 2948 pariter
398 2862 489 2929 bella
504 2860 733 2927 distenderant
746 2876 845 2925 curas
859 2858 1042 2940 bominum,
1057 2862 1156 2927 simul
1171 2884 1224 2929 re·

156 3048 237 3097 rPer
249 3044 536 3112 pammcator
551 3042 1031 3110 paulatimrrrunruafuetimmtmroeto
1047 3044 1223 3111 bmiamrr

121 3118 235 3163 mrem
245 3112 349 3162 truciter
360 3117 385 3161 rt
394 3110 539 3161 comancio.

155 3184 167 3211 '
181 3178 254 3241 Alpes
264 3192 307 3239 per
316 3192 341 3227 re
351 3187 398 3225 non
408 3176 468 3239 peti,
478 3174 546 3239 quari
556 3176 586 3225 de
599 3174 695 3225 illam
708 3174 853 3239 portem
862 3174 1029 3226 dimicaretur:
1044 3176 1088 3225 red
1097 3188 1147 3226 rna
1156 3175 1222 3226 nin

120 3244 248 3299 morat,
259 3258 303 3307 quo
314 3242 398 3291 bellum
409 3240 588 3302 tenuaretur.

153 3316 164 3342 ’
182 3307 257 3358 Ureu
270 3308 297 3357 ira
309 3308 381 3371 plano
391 3306 455 3356 rita.

574 3398 762 3421 mum?

117 3506 296 3556 armenorium
316 3500 463 3554 videbitur:
485 3502 514 3552 J.
526 3501 557 3552 F.
570 3500 695 3550 Gran-t
714 3499 784 3550 Olim
801 3499 938 3563 legebatur
951 3496 1119 3548 autari-a
1143 3498 1218 3549 ‘Pro

116 3570 231 3621 urebatur
250 3569 317 3619 male
336 3570 363 3619 iu
382 3566 502 3635 quiburd.
523 3568 582 3619 libr.
600 3564 728 3617 Μαίη·
744 3566 922 3629 Domina-tt
938 3562 970 3613 lu
982 3562 1049 3613 Edd
1061 3564 1217 3616 antetlrou.

116 3632 347 3687 deeratrlmtan.

611 3724 720 3778 NOTAE

148 3838 161 3875 Ι
178 3826 314 3891 laririlmr]
329 3828 368 3878 Ut
385 3826 411 3876 iu
429 3824 492 3875 Pot.
504 3824 543 3875 ric
554 3824 581 3874 iu
593 3822 645 3873 Re·
719 3820 730 3857 l
747 3822 839 3874 ltutm
848 3820 1006 3885 turam]
1024 3818 1216 3870 ludncturfue-

115 3908 159 3975 gio
177 3920 281 3973 quoque
298 3904 409 3955 babetur
425 3903 482 3953 buc
504 3902 645 3965 canutum,
685 3906 728 3949 rat
746 3896 893 3949 Hmdrubal
911 3894 944 3944 ad
963 3892 1132 3944 obsidendam
1151 3896 1214 3946 Pla·

113 4000 191 4051 quam
206 3984 358 4034 adverterat
376 3980 447 4044 Lipr.
479 3978 565 4042 Vulgo
582 3976 645 4041 lagi·
667 3975 808 4039 'centlum
829 3986 886 4025 eum
914 3972 1076 4021 existimaret
1099 3970 1155 4020 fore
1175 3980 1217 4036 ut,

114 4070 158 4111 tur
175 4057 304 4109 mileti:
319 4055 388 4121 quod
407 4068 499 4107 nomeu
514 4054 548 4103 da
565 4055 644 4103 robur
684 4054 706 4105 rl
720 4067 752 4103 ea
768 4051 905 4117 potiretur,
916 4046 1022 4111 reliqui·
1040 4055 1139 4097 uratum
1155 4048 1214 4111 inji-

113 4136 207 4201 maglr,
218 4148 295 4199 quarn
310 4132 344 4181 de
356 4131 473 4195 perronio
484 4128 582 4179 dicitur
594 4128 644 4179 boa
684 4138 765 4181 cerer.

111 4226 200 4263 aenou.
229 4211 308 4271 Nam,
319 4206 386 4273 qrrod
399 4206 468 4257 Geli.
481 4216 508 4254 x.
519 4208 559 4253 1⁰.
574 4204 644 4254 ‘Ro-
715 4204 722 4239 ¹
738 4204 893 4270 Ipusnrrtro
902 4201 999 4250 eandm
1012 4197 1080 4247 illum
1089 4196 1223 4263 cobrium}

113 4302 203 4339 maner
226 4283 326 4335 annulle
349 4278 475 4331 irritator'
496 4280 569 4343 dicit,
590 4277 642 4329 fre·
684 4281 738 4333 Aut
755 4289 829 4331 certe
846 4276 988 4328 cartallum
1007 4274 1151 4324 Placentia
1165 4276 1212 4325 ad.

112 4364 293 4432 quentutirum
313 4368 362 4418 ert,
380 4374 429 4425 pro
446 4372 513 4416 uror,
532 4358 641 4409 uirenti
677 4358 818 4481 junc⁷tum5
835 4368 886 4419 qua
901 4351 936 4402 de
951 4363 982 4400 re
996 4362 1077 4413 rupru
1095 4362 1155 4401 xxi.
1170 4354 1214 4401 td.

111 4442 212 4495 rolitor.
681 4438 733 4484 ert
751 4465 759 4483 .
1214 4454 1218 4464 ι
