3259 5225
519 522 591 570 nrn.
612 520 729 570 xxrr.
752 521 834 573 car.
854 507 887 571 7.
1136 507 1223 574 2177

124 685 253 748 magna
266 665 365 732 caede
386 666 552 748 hostium3
577 665 772 751 elephantos
795 667 864 750 igni
882 685 901 731 e
924 665 1045 732 caenis
1067 670 1222 732 exactos.

130 769 216 834 Hoc
228 769 381 834 ultimum
397 765 594 856 (utcumque
607 769 726 834 initum
740 769 937 852 finitumque
952 766 1023 852 est)
1037 773 1113 834 ente
1128 767 1224 833 dedi·

127 869 259 936 tionem
274 870 403 957 Capuae
418 872 571 956 pralium
585 871 660 938 suit.
704 870 977 949 Medixtuticus,
988 871 1047 955 qui
1072 889 1223 936 summus

125 975 345 1057 magistratus
360 975 452 1058 apud
468 974 660 1060 Campanos
676 981 741 1052 est,
764 994 806 1039 eo
827 993 914 1039 anuo
937 973 1085 1058 Seppius
1101 972 1223 1037 lesina

122 1081 212 1154 erat,
226 1077 304 1142 locu
319 1078 462 1142 obscuro
484 1078 640 1162 tenuique
664 1076 799 1142 fortuna
824 1083 930 1141 ortus.
977 1075 1124 1140 Matrem
1148 1075 1223 1159 ejus

124 1179 313 1262 quondam,
346 1197 408 1265 pro
434 1181 567 1265 pupillo
597 1199 639 1245 eo
665 1186 898 1264 procurantem
918 1178 1081 1244 familiare
1113 1185 1225 1244 osten-

122 1288 235 1359 tum,·
247 1301 324 1348 cum
339 1285 571 1369 respondisset
583 1284 767 1368 haruspex,
776 1303 939 1348 summum
952 1281 1041 1366 quod
1057 1287 1147 1345 esset
1162 1281 1224 1345 im·

122 1385 261 1469 perium
275 1385 418 1470 Capua,
434 1392 668 1470 peruenturum
682 1388 727 1452 ad
743 1407 819 1452 eum
834 1405 984 1470 puerum,
992 1383 1077 1448 nihil
1091 1383 1135 1448 ad
1149 1401 1225 1448 eam

124 1505 226 1569 spem
252 1494 522 1570 agnoscentem·
543 1487 674 1553 dixisse
697 1488 819 1564 lerunt,
840 1492 851 1524 ‘
862 1486 929 1552 Nar
943 1492 979 1551 tu
998 1484 1145 1570 perditas
1170 1503 1224 1549 res

125 1587 380 1672 Campanorum
393 1609 520 1667 narras,
534 1589 596 1654 ubi
612 1608 762 1654 summus
782 1589 890 1655 honos
915 1588 960 1654 ad
981 1589 1086 1654 lilium
1110 1605 1224 1652 meum

124 1689 334 1772 pervenietl'
377 1689 429 1756 Eu
443 1689 635 1756 luditicatio
648 1692 731 1768 reri,
753 1700 790 1757 et
813 1693 892 1776 ipsa
912 1691 948 1756 iu
972 1708 1083 1756 verum
1103 1689 1223 1754 uertit·

126 1789 223 1856 Nam
239 1811 317 1856 enm
331 1791 421 1858 fame
441 1792 597 1878 ferroque
612 1801 814 1877 urgerentur,
830 1813 891 1860 uec
910 1811 990 1878 spes
1016 1790 1086 1856 ulla
1109 1809 1225 1874 snper-

124 1901 232 1971 esset,
246 1895 302 1973 iis,
315 1894 374 1978 qui
387 1897 458 1961 nuti
473 1897 508 1961 in
526 1916 621 1980 spem
635 1897 797 1962 honorum
811 1901 917 1974 erant,
941 1894 1079 1959 honores
1094 1893 1225 1958 detrec·

125 1997 298 2078 tentibus;
320 1997 454 2077 Iasius,
461 1998 632 2083 querendo
646 1998 811 2065 desertam
826 2017 867 2064 ac
884 1996 1050 2085 proditum
1065 2015 1087 2062 a
1100 1997 1224 2081 primu-

125 2099 222 2163 ribus
253 2100 417 2183 Capuam,
443 2119 610 2166 summum
644 2103 878 2186 magistratum
903 2099 1044 2166 ultimus
1074 2099 1224 2164 omnium

127 2199 378 2284 Campanorum
392 2203 498 2288 cepit.

169 2305 205 2369 7.
228 2303 386 2372 Ceterum
411 2305 599 2386 Hannibal,
627 2311 665 2372 ut
686 2325 749 2371 nec
771 2305 886 2372 hostes
910 2304 988 2370 elici
1009 2304 1153 2390 amplius
1180 2303 1225 2369 ad

126 2425 274 2490 pugnam
288 2407 386 2486 uidit,
399 2425 461 2473 uec
476 2427 537 2491 per
552 2416 664 2475 castra
682 2427 797 2474 eorum
811 2407 980 2493 perrumpi
999 2407 1044 2474 ad
1066 2393 1223 2490 Capuam

126 2527 246 2592 posse,
270 2529 311 2574 ne
334 2529 419 2575 suos
440 2519 607 2595 quoquc¹³
645 2517 849 2576 commeatus
875 2509 1126 2576 intercluderent
1147 2507 1225 2574 novi

128 2612 302 2692 consules,
318 2611 500 2678 abscedere
514 2614 606 2679 irrito
621 2615 760 2698 inceptu
773 2620 809 2677 et
828 2632 962 2678 movere
980 2633 1002 2678 a
1021 2611 1140 2696 Capua
1155 2617 1228 2679 stat

129 2716 196 2780 tuit
209 2722 331 2781 castra.
351 2715 467 2782 Multa
482 2735 610 2793 secum,
625 2730 692 2801 quo
702 2716 775 2801 jam
786 2715 864 2781 iude
874 2722 900 2764 ¹⁴
915 2710 962 2779 ire
973 2720 1139 2799 pergeret,
1152 2714 1227 2779 vul·

128 2819 226 2883 uenti
239 2819 341 2885 subiit
364 2819 512 2884 animum
534 2819 691 2901 impetus,
712 2824 819 2902 caput
842 2818 954 2901 ipsum
975 2815 1056 2881 belli
1078 2814 1225 2881 Romam

127 2922 284 3007 petendi:
306 2922 405 3006 cujus
425 2922 474 2986 rei
494 2940 628 3005 semper
650 2920 776 3005 cupitae
798 2918 1056 3003 praetermissam
1072 2916 1226 2981 occasio-

128 3043 207 3090 nem
222 3030 302 3109 post
316 3026 529 3091 Cannensem
552 3042 701 3106 pugnam
726 3026 759 3087 et
784 3022 843 3086 alii
857 3020 958 3103 vulgo
981 3018 1176 3096 fremebant,
1192 3022 1226 3083 et
1245 3098 1253 3103 ¹

126 3128 205 3211 ipse
229 3147 295 3192 nou
315 3125 560 3193 dissimulabat.
603 3124 842 3209 ‘Necopinato
861 3142 984 3209 pauore
1005 3142 1047 3188 ac
1068 3122 1225 3199 tumultu,

126 3249 196 3294 non
222 3248 297 3294 esse
321 3226 574 3313 desperandum,
612 3228 758 3310 aliquam
782 3233 912 3311 partem
939 3224 1035 3290 urbis
1064 3224 1226 3307 occupari

126 3350 255 3416 pusse3
277 3338 352 3411 et,¹⁵
372 3333 403 3395 si
427 3330 540 3396 Roma
554 3330 590 3394 iu
605 3328 796 3394 discrimine
811 3334 917 3403 esset,
931 3327 1082 3410 Capuam
1099 3332 1227 3390 extem·

127 3435 191 3520 plo
204 3436 390 3499 omissuros
404 3442 464 3498 aut
477 3434 578 3498 ambo
589 3430 616 3472 ¹⁶
636 3434 850 3515 imperatores
864 3430 1050 3506 Romanos,
1069 3437 1128 3492 aut
1141 3428 1227 3493 ulte·

127 3557 204 3602 mm
218 3556 263 3602 ex
275 3538 337 3618 iis;
361 3542 407 3614 et,
420 3538 451 3601 si
471 3536 663 3601 diuisissent
672 3544 697 3584 ¹⁷
720 3534 849 3617 copias,
872 3544 1051 3615 utrumque
1071 3531 1226 3595 infirmiu-

126 3661 199 3706 rem
219 3640 347 3707 factum
367 3644 425 3705 aut
439 3638 517 3719 sibi,
532 3643 592 3703 aut
603 3635 797 3721 Campanis,
817 3636 900 3700 bene
914 3634 1068 3717 gerendae
1088 3633 1137 3699 rei
1160 3632 1226 3697 lor·

128 3750 246 3810 tunam
270 3742 410 3809 daturos
437 3738 534 3805 esse?
577 3738 657 3805 Una
685 3738 762 3804 ea¹⁸
793 3758 874 3804 cura
902 3737 1056 3821 angelrai,
1083 3755 1139 3812 ne,
1165 3734 1226 3798 nbi

146 3900 181 3971 ι·
199 3894 406 3957 Conpertrrtrrrrr
415 3889 647 3954 mmm
658 3887 695 3939 illr'
709 3888 785 3937 adm
798 3885 1041 3951 papillucmrtr'grrut,
1052 3880 1168 3949 mincio
1182 3895 1225 3931 cx·

123 3963 258 4072 ’Ἥξει
267 4022 329 4071 silit
338 4022 431 4071 uideret
440 4020 502 4084 prud
511 4019 543 4069 ud
552 4016 666 4080 dandi
674 4031 739 4082 rprrr
748 4022 889 4092 nomentum
900 4012 988 4079 offerre
996 4012 1069 4088 altura
1077 4016 1165 4074 porrd.

160 4096 173 4121 ⁰
189 4086 365 4148 Hoeengrrrir',
376 4087 437 4150 qaod
447 4084 584 4144 uermsrlt
594 4088 706 4147 emtore
716 4079 979 4143 rddedidrprituterr,
986 4077 1089 4136 drrirro5
1104 4089 1226 4139 veruque·

128 4149 814 4220 manufirma-mmmmm.

163 4371 195 4417 it
211 4364 267 4415 ’τὸ
281 4378 370 4428 Μαι
383 4361 481 4414 delerit
496 4358 524 4411 J.
541 4360 571 4410 Ρ.
588 4358 670 4411 Gran.
688 4358 734 4409 red
754 4357 798 4407 lib.
812 4360 864 4405 ret.
883 4359 911 4403 et
930 4350 996 4427 liar.
1016 4348 1148 4401 llrrlreulr·
1163 4364 1227 4427 ¹crrrr·

126 4439 234 4483 rtrutm
244 4428 310 4481 illud
322 4426 448 4479 rervm)
464 4426 648 4487 nom-rr
665 4425 773 4481 Οκοιω
787 4421 844 4471 inde
860 4424 963 4481 reccprt
978 4415 1062 4465 Drsk.
1079 4429 1095 4464 e
1113 4421 1227 4479 conject-

126 4498 203 4550 Μαι.
214 4503 243 4549 et
253 4495 401 4549 Creu-lt
417 4493 480 4544 Vct.
490 4491 535 4543 lilr.
546 4487 615 4561 apud
625 4490 714 4559 sigon.
730 4490 767 4539 Eo
777 4487 801 4539 ri
813 4486 966 4537 Runa-ld
982 4480 1069 4535 Aaou«
1083 4479 1225 4535 Creu-ll
1325 4530 1331 4537 ,
