3259 5225
473 588 547 639 cru.
569 587 686 636 xxvi.
707 587 792 637 car.
813 572 869 637 40.
1130 568 1219 638 2249

113 732 355 818 Agrigentum·
375 729 454 798 iude
467 729 577 818 (quod
587 731 669 799 belli
679 731 848 817 reliquum
858 735 940 809 erat,
950 730 1186 815 tenebaturque
1196 750 1233 802 a,

114 833 439 919 Carthaginiensium
451 835 562 902 valido
578 834 758 920 praesidio)
773 836 872 901 duxit
884 834 1052 918 legiones:
1074 841 1109 900 et
1122 833 1219 898 affuit

112 935 287 1006 fortuna¹⁶
317 939 463 1023 incepto.
506 937 632 1006 Hanno
659 946 731 1004 erat
755 939 937 1024 imperator
965 935 1219 1018 Carthaginien·

113 1041 215 1118 sium,
230 1039 292 1106 sed
310 1060 442 1106 omnem
460 1038 498 1105 in
521 1039 651 1106 Mutine
670 1039 900 1125 Numidisque
917 1057 1012 1124 spem
1035 1038 1219 1122 repositam

112 1142 347 1209 habebant.¹²¹’
391 1143 457 1209 Per
472 1149 578 1209 totam
595 1142 748 1210 Siciliam
763 1161 871 1225 vagus
883 1140 1020 1225 praedas
1036 1140 1158 1225 agebat
1171 1159 1218 1204 ex

111 1245 220 1312 sociis
240 1243 491 1312 Romanorum:
512 1266 623 1332 neque
644 1246 822 1313 intercludi
846 1244 890 1310 ab
910 1241 1091 1327 Agrigento
1107 1243 1143 1308 vi
1157 1250 1219 1309 aut

111 1355 188 1416 arte
202 1347 286 1428 ulla,
301 1368 373 1428 nec,
388 1349 469 1433 quin
484 1355 680 1434 erumperet,
693 1349 752 1415 ubi
766 1347 880 1427 vellet,
892 1347 1059 1433 prohiberi
1068 1351 1217 1430 poterat.

112 1450 207 1518 Haec
223 1450 298 1536 ejus
321 1451 441 1533 glorie,
457 1451 538 1536 quia
554 1450 629 1536 jam
646 1453 857 1536 imperatoris
879 1471 1013 1537 qaoque
1034 1451 1135 1516 samar
1149 1449 1219 1515 olli·

112 1554 237 1632 ciebat,
252 1560 421 1636 postremo
435 1553 470 1617 in
484 1552 645 1620 iuvidiam
667 1554 783 1637 vertit3
805 1564 845 1619 ut
858 1573 900 1618 aa
917 1554 1003 1618 bene
1022 1559 1128 1635 gestus
1143 1553 1219 1636 qul·

112 1657 193 1722 dem
208 1676 264 1722 res
271 1655 345 1740 jam
360 1656 522 1721 Hannoni
537 1665 675 1742 propter
691 1663 862 1746 auctorem
876 1659 963 1722 satis
974 1657 1066 1722 laetae
1081 1656 1219 1722 esseut⁴

111 1759 261 1844 Propter
275 1777 352 1844 quae
367 1767 537 1844 postremo
557 1761 790 1844 prefecturam
805 1759 880 1844 ejus
895 1759 964 1826 lilio
976 1759 1152 1837 suodedit,
1167 1777 1228 1824 ra·-

113 1867 188 1939 tus,
207 1879 284 1926 cam
306 1860 451 1946 imperio
475 1862 708 1928 auctoritatem
730 1881 865 1946 quaque
886 1863 918 1926 ei
943 1862 1029 1927 iuter
1046 1859 1217 1927 Numidas

111 1970 319 2050 erepturum.
364 1962 468 2043 Quod
482 1965 577 2050 lange
591 1967 688 2032 aliter
702 1966 827 2032 evenit.
861 1965 953 2032 Nam
968 1971 1107 2030 veterem
1122 1963 1218 2029 laro-

109 2085 184 2131 rem
195 2067 267 2151 ejus
286 2083 351 2132 sua
365 2065 500 2150 iusuper
520 2067 646 2132 invidia
658 2067 779 2133 anxia·
823 2067 946 2152 Neque
960 2066 1019 2132 ille
1039 2066 1219 2150 indignita-

95 2175 181 2234 tem
198 2166 328 2250 injuriae
352 2166 442 2246 tulit,
460 2168 696 2253 confestimque
715 2169 759 2234 ad
780 2169 955 2234 Laevinum
969 2169 1119 2235 occultos
1134 2187 1218 2232 aun·

112 2272 182 2334 tios
194 2269 290 2334 misit
303 2268 344 2334 de
355 2268 519 2334 tradendo
530 2267 722 2353 Agrigento.
739 2270 806 2336 Per
816 2279 952 2356 quosut
966 2280 1019 2336 est
1032 2271 1122 2337 lacta
1131 2269 1217 2336 lidus

109 2372 392 2456 compositusque
405 2371 453 2436 rei
467 2371 619 2454 gerendae
638 2372 768 2450 modus,
790 2379 922 2458 portam
943 2373 988 2438 ad
1002 2392 1093 2438 mare
1110 2371 1217 2437 leren-

112 2481 182 2541 tem
194 2473 356 2539 Numidae
371 2493 448 2540 cum
471 2480 704 2558 occupassent,
716 2474 824 2559 pulsis
843 2475 920 2540 iude
941 2476 1140 2541 custodibus
1155 2481 1218 2539 aut

111 2578 232 2656 cursis,
245 2575 421 2642 Romanos
432 2575 476 2642 ad
486 2575 521 2642 id
529 2575 554 2615 ¹⁸
568 2577 680 2663 ipsum
689 2576 812 2643 missos
828 2577 862 2643 in
875 2579 991 2644 urbem
1000 2583 1215 2663 acceperunt.

110 2682 249 2747 Etcum
260 2680 391 2763 agmine
398 2678 470 2763 iam
485 2679 519 2743 in
527 2678 638 2745 media
646 2680 737 2745 urbis
747 2700 787 2745 ac
796 2678 904 2745 loram
916 2688 941 2732 ¹⁹
951 2680 1218 2766 magnatumulta

110 2785 228 2862 iretur,
240 2790 333 2847 ratus
348 2782 475 2847 Hanno
489 2802 556 2848 non
566 2781 670 2857 aliud,
681 2803 785 2868 (quam
800 2783 979 2849 tumultum
994 2803 1037 2851 ac
1051 2782 1217 2849 secessio-

110 2904 189 2951 nem
203 2884 256 2971 (id
271 2885 363 2970 quod
382 2892 511 2952 etanta
526 2885 715 2965 acciderat)
726 2885 950 2952 Numidarum
965 2904 1052 2962 esse,
1067 2885 1110 2950 ad
1125 2904 1218 2951 com·

145 3076 160 3112 ὅ
177 3078 219 3129 lto
228 3083 257 3129 ut
272 3079 362 3131 Ham
376 3082 440 3133 baad
455 3084 553 3133 arabem
569 3083 638 3135 rebar
654 3084 728 3135 etim
737 3085 848 3147 feliciter
863 3085 943 3148 garn
958 3085 1092 3144 lateam
1107 3097 1161 3147 qeoe
1170 3080 1219 3147 ipet

114 3158 164 3193 aaa
173 3145 307 3209 praem,
316 3160 343 3196 eo
354 3149 416 3211 quod
426 3162 506 3197 euram
516 3154 598 3199 caeter
608 3158 670 3201 mer
680 3150 795 3201 Mutinae.

145 3217 155 3242 ¹
169 3210 269 3260 Etenim
277 3212 443 3263 urahaoleatiu
453 3227 497 3261 aaa
504 3215 620 3274 gratiam,
630 3230 701 3280 quam
710 3221 780 3267 anua
790 3218 928 3265 marcam
938 3215 1002 3277 apud
1012 3213 1098 3263 Poem
1108 3212 1221 3263 Mettum

110 3280 173 3335 eret,
183 3275 270 3325 arim
279 3276 306 3325 ia
316 3278 410 3328 Maur
420 3279 533 3329 drama

570 3390 753 3414 *nomnen

112 3484 178 3535 1²⁰¹·
200 3483 410 3550 uum-1⁶
432 3488 477 3541 ar.
494 3490 566 3541 aueo
580 3492 693 3554 aganas.
718 3492 791 3558 affra
808 3494 985 3551 suana-rr
1008 3490 1108 3541 ‘nare
1129 3502 1218 3539 omna

111 3550 173 3599 libri
184 3552 293 3615 (preater
306 3554 367 3603 Pul.
379 3563 407 3604 et
418 3554 508 3619 Colb)
530 3554 646 3616 babebutr
662 3574 720 3608 nam
742 3560 780 3608 rie
804 3558 899 3607 Hanno
916 3572 968 3608 nou
986 3556 1118 3607 irritasset
1137 3552 1218 3605 Murt-

111 3629 165 3665 neu
186 3616 274 3667 ablata
293 3616 470 3682 prefectura'
482 3620 511 3669 J.
528 3620 560 3670 F.
578 3621 721 3673 Grau—18
738 3622 851 3674 Quidam
868 3622 945 3672 codd.
963 3624 1087 3673 omittunt
1106 3621 1218 3669 atterum

113 3695 257 3746 pronomen
267 3682 370 3734 ta-ra
386 3682 437 3734 ‘ln
448 3684 505 3737 aliia
517 3685 594 3737 editt.
607 3687 648 3737 vel
662 3688 689 3737 ia
706 3688 783 3739 media
793 3688 851 3739 urbe
860 3689 966 3751 aeson,
976 3689 1018 3738 rel
1028 3688 1056 3737 ia
1066 3687 1219 3737 audimur·

608 3834 721 3886 Now

109 3927 530 3994 poneremwugosmemaa
546 3930 646 3995 Leun-
684 3934 758 3984 eram
778 3932 905 3999 mear]
920 3932 1008 3997 vargo
1029 3928 1146 3986 aaran
1168 3924 1219 3977 nee

111 4003 174 4053 dam
188 4002 293 4055 ridetur
312 4018 346 4055 err
363 4004 438 4059 colb.
452 4008 647 4075 melioratum·
684 4018 714 4071 ar
726 4009 793 4060 ratio
806 4008 942 4070 Granerll,
960 4016 988 4059 et
1005 4006 1072 4057 liber
1087 4005 1159 4055 colb.
1171 4017 1220 4053 ro·

110 4096 221 4146 mr
230 4082 350 4135 nimitum
363 4100 414 4137 Μ·
686 4086 743 4137 luat
756 4088 845 4151 reponi
856 4088 883 4136 iu
900 4097 1008 4135 numero
1027 4080 1131 4147 plurali,
1147 4078 1218 4130 tabr-

143 4158 345 4223 ¹⁴48¹¹58ffll¹¹¹⁸1
362 4160 464 4213 Gracia
475 4160 601 4227 Agrrgaa
612 4162 646 4214 ad
686 4162 753 4227 boat,
772 4164 891 4241 nimiraqr
914 4160 1150 4225 Carthaginienses,
1164 4170 1218 4207 non

111 4233 180 4285 ostia
191 4232 264 4284 duvii
274 4238 442 4301 cognominis,
452 4238 479 4287 in
490 4253 536 4287 ora
550 4238 646 4289 Sicilire
686 4240 798 4302 Hanno;
815 4240 869 4305 qui,
881 4240 904 4289 ri
920 4253 994 4304 spem
1005 4251 1108 4287 omnem
1118 4236 1150 4285 lu
1157 4234 1218 4284 Mu.

109 4310 285 4377 meridionali,
308 4314 388 4365 tctiue
406 4315 497 4365 insulae
517 4316 646 4380 qnondam
686 4317 741 4366 tine
763 4318 903 4379 repositam
924 4314 1068 4377 babuieaet,
1089 4326 1147 4361 eum
1164 4324 1217 4361 noa
1230 4312 1244 4333 ⁸

111 4387 351 4453 amplissimarum,
361 4404 429 4441 nuuc
437 4392 648 4455 valgoGrrgeati.
687 4392 782 4445 fuisset
793 4392 943 4443 irritaturus
951 4390 1039 4443 ablata
1051 4386 1217 4457 proeleetara.

144 4463 313 4517 δΙιιΙῦΙιιίὶιιι
331 4466 648 4535 Νωίᾰίψῃμφο,

176 4544 303 4611 napae
317 4546 376 4599 Vc.
389 4548 454 4599 ctus·
627 4550 720 4602 Livius,
814 4536 821 4545 ’
1027 4538 1034 4555 “
1091 4546 1150 4597 711
