3259 5225
446 564 520 615 urs.
541 564 688 615 xxvrrr.
711 566 792 615 err.
812 550 867 617 23.
1123 550 1211 619 2439

8 752 10 759 ·
110 728 216 794 quarn
236 709 437 776 insultarent
455 709 602 794 superbo
625 708 770 775 ludibrio
785 710 924 777 hostes?
968 710 1037 775 His
1050 710 1209 778 adhorta·

109 813 260 878 tionibus
274 813 446 879 execratio
468 812 540 878 dira
563 812 709 897 adjecta,
731 813 762 877 si
784 833 886 897 quern
901 832 922 879 a
936 814 1112 899 proposito
1127 834 1208 899 spes

7 926 11 965 t
108 914 299 981 mollitiaue
311 916 411 981 animi
426 915 592 981 flexisset.
636 914 720 979 Inde
736 918 905 982 concitato
919 916 1052 1000 agmim
1065 918 1209 1001 putenti·

7 1032 8 1069 1
107 1016 173 1083 bus
195 1018 302 1102 pertis
325 1018 452 1101 ingenti
474 1018 640 1083 tumultu⁷
661 1025 848 1103 erumpunt.
890 1017 1017 1104 Neque
1039 1026 1111 1085 erut
1135 1019 1208 1086 nlla

6 1138 9 1173 f
108 1121 195 1185 satis
208 1120 304 1185 firma
316 1120 422 1185 statie
437 1120 617 1205 opposita3
631 1120 712 1204 quia
725 1120 806 1185 nihil
819 1121 940 1201 minus,
955 1140 1058 1206 quarn
1069 1129 1107 1187 ut
1116 1142 1208 1205 egre·

6 1242 8 1277 :
106 1220 143 1285 di
160 1222 326 1288 moenibus
340 1220 525 1301 auderent,⁸
541 1220 648 1286 timeri
662 1229 805 1306 poterat.
848 1222 1037 1308 Perpaueae
1058 1226 1207 1311 equitum

6 1343 8 1383 ε
107 1328 229 1391 turmae
250 1326 400 1409 levisque
425 1331 602 1403 armatura,
623 1332 760 1409 repente
782 1344 802 1390 e
825 1327 947 1393 castris
967 1327 1012 1393 ud
1033 1328 1069 1394 id
1092 1329 1208 1415 ipsum

6 1450 8 1467 =
106 1428 247 1506 emissa,
261 1428 417 1495 occurrit.
461 1426 581 1493 Acrior
595 1428 721 1514 impetu
736 1433 838 1512 atque
852 1429 985 1510 animis,
999 1450 1100 1515 quam
1114 1452 1206 1498 eorn-

5 1556 6 1559 ¹
105 1528 253 1613 pusitior
268 1532 336 1597 ullo
349 1532 491 1610 urdine,⁹
503 1550 618 1616 pugna
632 1530 706 1596 tuit.
734 1522 873 1617 ‘ltaque
885 1532 1005 1617 pulsus
1019 1552 1135 1618 eques,
1145 1536 1205 1619 qui

5 1656 6 1667 ¹
105 1633 238 1716 primus
249 1642 277 1675 ¹⁰
289 1635 379 1700 hosti
393 1654 429 1698 se
440 1634 620 1713 obtulerat,
632 1640 789 1699 terrorem
802 1635 916 1701 intulit
926 1635 994 1700 levi
1004 1642 1205 1718 ematurue3

5 1762 6 1801 ι
104 1742 355 1822 pugnatumque
369 1738 434 1801 sub
448 1738 525 1821 ipso
540 1738 631 1803 vatin
647 1737 742 1816 foret,
762 1740 799 1803 ni
813 1739 913 1804 robur
925 1738 1108 1823 legionum,
1129 1758 1205 1823 per·

4 1865 6 1903 r
103 1840 232 1923 exigua
262 1840 306 1906 ad
332 1840 564 1905 instruendum
592 1840 674 1906 dato
701 1848 862 1926 tempore,
884 1841 992 1907 aciem
1014 1841 1204 1907 direxisset.

105 1940 164 2005 Ibi
176 1960 311 2027 qunque
324 1943 525 2026 trepidatum
540 1962 720 2027 parumper
735 1945 827 2009 circa
840 1944 935 2028 signa
949 1951 1014 2022 est,
1029 1964 1104 2009 curn
1119 1945 1204 2011 caeci
1296 1957 1300 1966 “

103 2044 1052 2113 furoreiuvulneraacserrnmvecordiaudaciaruerent.
1077 2046 1167 2113 Dein
1178 2056 1202 2087 ¹¹

103 2155 203 2213 vetus
224 2148 331 2227 miles,
354 2148 515 2214 adversus
536 2150 737 2215 temerarios
758 2150 904 2235 impetus
924 2152 1091 2235 pertinax,
1109 2152 1204 2217 naede

101 2250 286 2333 primorum
315 2252 529 2337 insequentes
559 2252 759 2337 suppressit.
812 2252 965 2318 conatus
994 2254 1097 2338 paulo
1122 2261 1204 2339 pust

101 2352 192 2417 ultro
203 2359 229 2393 ¹¹
244 2353 359 2419 inserte
374 2354 504 2439 pedem,
519 2360 557 2420 ut
571 2355 734 2419 neminem
751 2354 879 2433 cedere,
893 2363 996 2441 utque
1011 2356 1203 2423 obstinatus

101 2455 188 2520 muri
203 2456 238 2520 in
248 2456 391 2540 vestigio
407 2476 572 2541 quemque
587 2476 651 2523 sun
665 2456 761 2535 uidit,
775 2457 947 2540 patefacta
958 2458 1032 2523 acie
1041 2456 1149 2544 (quod
1164 2468 1204 2527 nt

101 2556 215 2623 fauere
238 2564 367 2642 posset,
390 2558 571 2624 multitudo
594 2567 796 2625 armatorum
818 2558 918 2625 tacite
940 2559 1204 2648 suppeditabat)

101 2679 230 2727 cornua
250 2649 396 2727 hostium
420 2662 610 2747 amplexus,
633 2663 666 2728 iu
689 2663 806 2728 orbern
827 2669 1012 2748 pugnantes
1032 2664 1077 2730 ud
1097 2684 1201 2730 unum

103 2781 220 2829 omnes
233 2765 370 2830 oceidit.

144 2865 200 2932 Q.
213 2863 321 2951 Atque
329 2866 404 2932 hee
412 2871 520 2931 umen
529 2865 674 2932 hostiurn
683 2865 842 2932 iratorum
852 2885 893 2932 au
902 2874 976 2932 turn
987 2870 1136 2935 maxime
1143 2869 1195 2936 di·

99 2965 318 3034 micantium¹
331 2970 407 3052 jure
421 2967 501 3034 belli
515 2970 549 3033 in
566 2976 709 3034 armatos
719 2977 742 3017 ¹³
753 2977 1044 3055 repugnantesque
1059 2970 1200 3037 edeban-

100 3079 165 3140 tur.
209 3072 348 3139 Foedinr
362 3072 430 3138 alia
441 3073 476 3138 in
489 3073 571 3138 urbe
584 3071 760 3138 trucidatio
771 3081 856 3151 erat,
868 3091 945 3136 eum
954 3074 1083 3139 turbam
1092 3073 1199 3142 toerui·

560 3249 741 3272 cavomonte

96 3371 159 3424 διο.
168 3371 300 3423 Gran-d
316 3370 386 3422 Olim
398 3371 535 3434 tegebatur
542 3371 682 3434 serenta-⁷
697 3369 795 3434 Seript.
809 3378 865 3422 aut.
876 3369 974 3421 tabent
988 3385 1041 3420 curu
1056 3368 1151 3430 iamt
1160 3375 1198 3420 tu·

95 3439 234 3488 mue-e
245 3437 325 3487 Ῥιιῐ.
334 3437 407 3487 Men.
419 3439 529 3488 Cuntab.
541 3438 615 3487 Vera.
630 3435 738 3486 Setredre
748 3433 819 3486 Gnd.
831 3433 929 3499 poetri
938 3436 1019 3497 egredi
1029 3436 1199 3498 interponunt

94 3509 187 3566 met.
219 3503 300 3567 Lege,
312 3503 389 3559 Quum
399 3507 427 3551 ut
437 3504 520 3564 egredi
529 3503 608 3552 trater
617 3500 730 3550 mettun
741 3500 874 3551 runem
886 3499 945 3552 ire.
956 3501 1089 3551 Grau—tt
1105 3501 1199 3551 Ordine

95 3569 149 3616 ulte
166 3567 249 3618 Grau.
269 3571 375 3632 Doujat.
395 3567 538 3618 Creu-1⁰
556 3567 648 3616 ‘Unus
659 3566 744 3628 primu.
772 3565 865 3614 Nuttuu
873 3565 976 3629 ma
987 3572 1016 3613 nt
1027 3564 1153 3615 Rhenau!
1169 3565 1198 3616 J.

96 3633 129 3682 F.
144 3632 286 3682 Gran-ll
304 3632 374 3682 Olim
387 3633 524 3683 Diueetur.
540 3631 624 3680 ιΡιιῖ.
641 3631 712 3680 Men.
732 3629 878 3680 deterentia.
899 3631 988 3678 Scribe
1001 3629 1058 3678 dein
1068 3635 1152 3688 eum
1168 3637 1198 3680 ut

95 3699 193 3747 eratin
205 3697 304 3748 duobus
315 3697 383 3747 Pell.
394 3706 420 3745 et
433 3695 536 3746 Aidiuu.
552 3695 655 3746 Tertius
666 3703 693 3745 et
705 3695 835 3756 Andreae,
844 3696 929 3744 deinde
938 3693 1023 3744 κω)
1037 3692 1064 3745 J.
1072 3694 1102 3745 Ρ.
1113 3695 1195 3744 Grau.

95 3767 164 3811 -12
184 3762 348 3813 UttrrGrou.
359 3761 550 3824 maja-Creu.

132 3831 163 3878 lt
180 3828 262 3878 ‘dare
271 3829 326 3877 beili
334 3829 360 3877 ta
370 3833 472 3876 urmutrr
481 3825 563 3877 verba
575 3829 704 3888 strepente,
715 3823 836 3888 quoniam
852 3822 948 3872 abeunt
961 3821 996 3870 ab
1014 3821 1118 3886 optimi·
1129 3823 1196 3873 Mer.

95 3892 142 3957 qui
161 3892 242 3942 etiarn
257 3892 432 3956 mentisque
448 3893 488 3940 vei
503 3895 680 3956 pugnantesque
698 3890 803 3938 habent.
837 3889 923 3936 Sutura
942 3888 1094 3964 particulare
1113 3889 1194 3964 quein
1273 3911 1277 3918 ·

95 3971 176 4008 eausa
188 3957 333 4016 intruetur
345 3965 385 4008 tot
397 3956 475 4007 verbu
486 3956 675 4018 intuteirentur,
690 3955 802 4020 putabat
813 3954 896 4004 Grun-
906 3960 934 4003 et
953 3952 1196 4016 cupidenarium

591 4101 702 4156 Nom

133 4203 331 4268 minumum]
344 4201 516 4253 Romanorum
526 4202 626 4253 seilicet
666 4200 735 4266 quud
755 4199 878 4264 ignorant
896 4196 1002 4264 quidam
1021 4197 1194 4262 contemto

95 4281 303 4344 inArtrpenrer.
337 4279 389 4328 Per
409 4293 499 4328 recem
518 4279 569 4329 ter
586 4279 626 4329 tu·
664 4275 1194 4340 omuinoneeeruriumeet‚(quruduqui·

94 4357 187 4422 telltge
203 4357 303 4406 atrocia
323 4353 405 4417 frete,
423 4355 559 4420 supplicia,
579 4362 625 4406 aut
664 4353 723 4404 dem
735 4355 798 4404 eutis
810 4367 858 4418 per
869 4349 1193 4423 refrnteliigiturpneeab·

95 4435 160 4502 quid
185 4433 287 4486 uiuite:
313 4432 377 4485 illud
403 4446 465 4484 veru
483 4431 541 4493 iure
562 4429 626 4496 tetii,
664 4431 891 4483 surdumvidetur.

877 4725 898 4770 t·
