3259 5225
452 479 540 587 2120
924 499 959 549 r.
981 498 1078 549 nrrn

452 634 607 723 Capuam
620 639 814 725 neglectam,
838 660 959 726 neque,
979 648 1020 709 ut
1040 648 1134 707 tanto
1149 639 1369 720 discrimine,¹
1391 641 1546 709 desertos

341 736 345 745 '
451 740 588 808 volebat
601 744 735 826 socios;
757 744 829 823 sed,
843 763 1003 829 prospero
1017 763 1063 809 ex
1078 743 1264 809 temeritate
1285 743 1384 807 unius
1400 740 1550 808 Romani

453 840 552 908 ducis
566 862 741 925 successu,
765 845 800 909 in
814 845 953 913 alterius
967 845 1064 910 ducis
1079 846 1319 930 exercitusque
1338 843 1551 930 opprimendi

450 944 663 1037 occasionem
689 946 893 1013 imminebat.
950 946 1013 1012 Cu.
1044 944 1202 1013 Fulvium
1229 954 1408 1030 praetorem
1439 942 1549 1029 Apuli

452 1042 554 1127 legati
568 1048 770 1129 nuntiabant,
794 1050 915 1134 ptimo,
938 1049 1019 1113 dum
1041 1044 1140 1115 urbes
1162 1050 1324 1135 quasdam
1345 1046 1550 1133 Apulorum,

452 1166 531 1231 quae
561 1148 605 1215 ad
632 1149 861 1217 Hannibalem
885 1151 1119 1230 descivissent,
1141 1154 1363 1235 oppugnaret,
1387 1150 1548 1215 intentius

452 1268 523 1314 rem
548 1251 680 1335 egisse;
701 1260 821 1337 postea
842 1254 945 1319 nimio
972 1273 1137 1319 successu
1161 1258 1195 1319 et
1218 1255 1330 1337 ipsum
1354 1261 1391 1318 et
1411 1252 1551 1332 milites,

457 1352 576 1435 praeda
589 1354 757 1439 impletos,
772 1355 806 1419 in
821 1360 947 1421 tantam
961 1354 1130 1422 licentiam
1145 1355 1397 1439 socordiamque
1412 1354 1552 1433 effusos,

452 1453 597 1520 utnulla
617 1456 797 1541 disciplina
812 1458 944 1523 militiae
965 1464 1066 1523 esset.
1109 1456 1196 1524 Cum
1219 1464 1335 1541 saepo²
1356 1457 1454 1536 alias,
1477 1462 1552 1521 tum

453 1556 573 1639 paucis
587 1556 710 1624 diebus
725 1564 802 1623 ante
818 1565 989 1641 expertus,
1004 1558 1115 1643 qualis
1135 1559 1200 1624 sub
1221 1558 1332 1622 inscio
1346 1556 1434 1623 duce
1453 1576 1552 1623 exer·

455 1658 546 1723 citus
558 1666 661 1739 esset,
674 1660 710 1725 in
724 1656 884 1744 Apuliam
899 1665 1009 1725 castra
1022 1660 1140 1725 morit.

494 1758 551 1825 21.
571 1757 672 1825 Circa
685 1757 894 1824 Herdonium
910 1758 1075 1827 Romnum
1098 1759 1248 1844 legiones
1268 1766 1305 1826 et
1324 1767 1452 1846 prator
1467 1761 1552 1826 Ful·

451 1860 530 1927 vius
551 1866 656 1928 erant.
699 1861 778 1941 Quo
796 1863 855 1927 ubi
874 1860 1011 1927 allatum
1028 1866 1089 1942 est,
1107 1862 1224 1927 hostes
1238 1862 1428 1944 adventare,
1442 1882 1549 1949 prope

453 1963 657 2043 estfactum,
681 1969 721 2030 ut
741 1963 875 2049 injussu
894 1965 1051 2048 praetoris
1072 1964 1176 2047 signis
1195 1964 1364 2030 convulsis
1384 1965 1419 2029 in
1440 1966 1551 2031 aciem

454 2065 593 2130 exirent.
620 2064 696 2131 Nec
710 2084 763 2131 res
777 2066 849 2131 ulla
862 2066 969 2150 magis
985 2066 1102 2142 tenuit,
1119 2086 1218 2151 quarn
1234 2085 1316 2151 spes
1331 2066 1420 2134 haud
1435 2066 1552 2147 dubia,

452 2186 516 2232 suo
537 2166 596 2231 id³
620 2168 772 2247 arbitrio,
796 2167 857 2234 ubi
881 2169 1012 2246 vellent,
1033 2174 1179 2235 acturos.
1223 2168 1340 2235 Nocte
1364 2170 1552 2254 insequenti

454 2268 639 2349 Hannibal,
654 2290 731 2336 curn
744 2272 980 2337 tumultuatum
996 2272 1031 2335 in
1051 2271 1173 2337 castris
1186 2276 1221 2337 et
1233 2271 1411 2356 plerosque
1430 2270 1551 2338 feroci-

453 2375 512 2449 ter,
527 2372 657 2455 signum
671 2380 708 2439 ut
722 2373 828 2453 dmet,
841 2373 1004 2442 institisse
1016 2373 1094 2439 duci
1109 2374 1152 2440 ad
1164 2392 1256 2442 arma
1268 2380 1428 2440 vocantes
1439 2374 1552 2452 sciret,

452 2472 542 2539 lraud
555 2474 677 2541 dubius
690 2494 865 2561 prosperae
879 2494 1001 2561 pugnae
1022 2477 1236 2544 occasionem
1250 2475 1335 2556 dari,
1360 2477 1427 2543 tria
1442 2477 1552 2542 millia

454 2576 686 2662 expeditorum
699 2576 844 2644 militum
868 2578 904 2644 in
918 2578 1008 2645 uillis
1029 2577 1120 2644 eirca
1134 2577 1363 2665 vepribusque
1385 2582 1419 2644 et
1442 2578 1552 2660 sylvis

453 2679 613 2764 disponit,
637 2681 709 2766 qui,
733 2675 829 2764 signo
850 2681 944 2761 dato,
969 2681 1073 2747 simul
1090 2700 1208 2747 omnes
1230 2701 1250 2746 e
1271 2682 1408 2748 latebris
1426 2682 1553 2750 existe-

453 2790 524 2849 rent
534 2803 544 2865 ;
553 2777 592 2831 4*
612 2790 647 2848 et
660 2783 841 2867 Magonem
856 2803 898 2850 ac
912 2775 982 2849 duo
1001 2781 1102 2848 ferme
1116 2782 1225 2850 millia
1238 2785 1398 2869 equitum,
1417 2804 1486 2870 qna
1498 2785 1553 2849 fn·

454 2903 530 2966 gam
543 2883 778 2950 inclinaturam
798 2883 964 2964 credebat,
980 2885 1116 2950 omnia⁵
1138 2885 1257 2951 itinera
1277 2885 1420 2952 insidere
1437 2886 1551 2971 jubet.

455 2985 525 3051 His
539 2993 639 3054 nocte
655 2989 866 3072 praeparatis,
887 2988 997 3073 prima
1010 2989 1086 3052 luce
1105 2986 1141 3052 in
1160 2987 1268 3053 aciem
1284 2989 1406 3073 copias
1425 2988 1552 3054 educit

455 3085 532 3152 Nec
547 3087 689 3154 Fulvius
711 3097 767 3154 est
788 3094 977 3168 cunctatus,
991 3109 1059 3154 non
1084 3095 1154 3154 tam
1179 3108 1243 3155 sua
1264 3090 1336 3155 ulla
1359 3109 1432 3176 spe,
1445 3109 1551 3174 quarn

453 3188 595 3254 militum
607 3177 734 3274 im‘petn
749 3190 886 3256 fortuito
899 3198 1042 3257 tractus.
1084 3191 1207 3275 Itaque
1218 3192 1338 3257 eadem
1353 3193 1550 3271 temeritato,

454 3309 523 3374 qna
545 3303 742 3376 processum
765 3293 798 3358 in
818 3296 927 3359 aciem
943 3299 1006 3373 est,
1025 3296 1196 3360 instruitur
1218 3296 1296 3377 ipsa
1311 3295 1403 3361 acies
1416 3293 1461 3359 ad
1473 3294 1552 3360 libi·

454 3389 567 3458 dinem
591 3393 732 3460 militurn
752 3393 837 3461 forte
850 3395 1114 3480 procurrentium
1129 3397 1460 3490 consistentiumque,
1481 3414 1551 3480 quo

912 3571 1092 3596 ”mul

453 3685 568 3738 urla-2⁰
584 3687 627 3739 Al.
643 3688 800 3740 decutit-l
818 3690 850 3740 la
866 3693 935 3740 tanto
952 3689 1088 3740 diarium
1108 3688 1177 3740 lldd.
1191 3697 1254 3740 ante
1265 3691 1352 3744 Drair·
1373 3697 1401 3742 at
1411 3691 1437 3741 ia
1447 3695 1516 3742 tarto
1525 3693 1550 3742 d·

453 3752 505 3802 Mr-
522 3753 590 3803 Har.
607 3755 681 3816 prob.
693 3755 820 3818 Dueriug.
832 3763 861 3806 nt
872 3769 964 3805 sensns
974 3756 1025 3806 rit:
1058 3755 1137 3820 nippe
1149 3755 1190 3805 vel
1207 3757 1339 3822 precipue
1350 3757 1378 3808 ln
1395 3764 1470 3808 tauto
1491 3757 1551 3807 dr-

454 3820 471 3866 2
486 3816 607 3868 Hmrlbal
615 3832 668 3868 cars
677 3834 738 3884 πμ
749 3818 815 3869 Edd-
828 3818 982 3871 abducens.
995 3771 1063 3870 ada

485 3881 550 3931 ala
567 3882 620 3933 del.
640 3881 708 3933 Edd.
727 3897 744 3932 a
766 3881 887 3934 Francos.
907 3884 940 3934 nd
962 3884 1096 3935 Dum—⁴
1112 3884 1234 3936 Brittan
1250 3883 1319 3935 lidd.
1330 3890 1392 3936 ante
1403 3883 1550 3936 Gronov.-

453 3950 470 3996 t
487 3944 495 3972 ⁸
509 3945 570 3998 Non
581 3945 660 3999 leolis
670 3948 780 4000 dlxerim
790 3947 819 4000 rt
829 3949 907 4000 nuic
918 3949 952 4001 ab
962 3949 1037 4001 tirio
1047 3947 1183 4016 prodiisse.
1216 3949 1296 4001 Certe
1305 3951 1332 4001 in
1341 3948 1466 4002 Cantabr.
1482 3951 1550 4001 libro

1067 3834 1152 3869 l'llllth·

949 4111 1056 4166 NOTAE

486 4200 499 4238 ¹
517 4201 646 4258 Elatetrir
655 4207 797 4275 winerat]
811 4210 932 4277 Vulpes
945 4213 981 4262 la·
1020 4217 1184 4276 usurpatum,
1194 4217 1274 4277 atque
1291 4210 1397 4276 abipso
1412 4209 1486 4261 Livio
1502 4208 1549 4259 lib.

454 4279 529 4329 tetris
554 4283 675 4336 exitam.
725 4286 778 4337 Sed
804 4288 906 4338 existen
933 4302 982 4352 pro
1022 4298 1124 4340 xxxix.
1156 4290 1205 4342 ‘Si
1214 4289 1312 4342 existat
1320 4289 1396 4341 hodio
1408 4286 1442 4339 ab
1452 4285 1548 4338 Inferis

455 4369 601 4424 erumpere,
626 4361 708 4428 exire,
730 4363 851 4418 Ciceroni
874 4366 982 4432 aliisque
1022 4367 1173 4434 Lycurgus?
