3259 5225
361 528 450 593 2154
834 540 870 587 r.
894 538 990 587 nrvrr

363 688 460 754 Unus
471 687 638 752 exercitus
653 686 686 750 in
707 684 898 769 propinquo
914 690 984 748 est:
1007 682 1074 747 duo
1095 681 1187 747 baud
1202 681 1318 766 procul
1332 682 1465 746 absunt.

364 791 465 857 Nunc
488 788 757 873 aggredientibus
779 806 859 870 spes
885 786 1000 870 aliqua
1015 783 1146 849 astz¹³‘
1166 782 1285 867 etjam
1306 784 1465 849 tentastis

364 901 495 960 vostras
511 900 611 976 atqua
635 891 767 956 illorum
787 889 886 955 vires.
929 889 969 954 Si
988 889 1077 954 diem
1096 886 1310 973 proferimus,
1330 890 1366 951 et
1387 886 1466 949 bes-

363 1002 464 1061 ternae
478 993 664 1079 eruptionis
686 992 776 1057 fama
791 992 999 1057 contemni¹4
1020 992 1258 1072 desierimus;·¹
1279 989 1465 1074 periculum

363 1106 427 1180 est,
449 1118 491 1163 ne
516 1117 631 1162 omnes
653 1096 769 1175 duces,
798 1114 916 1160 omnes
927 1102 952 1142 ¹⁵
982 1096 1094 1179 copiae
1128 1093 1337 1159 conveniant.
1379 1091 1466 1156 'l'res

363 1201 485 1266 deinde
510 1186 627 1277 duces,
651 1205 721 1263 tres
745 1200 916 1263 exercitus
938 1197 1175 1262 sustinebimus
1196 1194 1354 1273 bostium,
1378 1212 1466 1277 quos

364 1301 426 1368 Cn.
443 1303 560 1387 Scipio
573 1300 734 1367 ineolumi
757 1300 909 1364 exercitu
933 1318 999 1363 non
1014 1298 1196 1363 sustinuiti
1219 1295 1268 1360 Ut
1281 1294 1463 1361 dividendo

362 1405 483 1489 copias
499 1404 628 1488 periere
643 1404 748 1468 duces
763 1402 879 1481 nostri,
899 1402 949 1467 ita
965 1402 1115 1486 separati
1130 1420 1170 1466 ac
1191 1400 1292 1466 divisi
1315 1398 1463 1484 opprimi

342 1524 344 1531 ·
361 1513 506 1591 possunt
521 1507 645 1572 hostes.
689 1505 772 1571 Alia
790 1504 1018 1588 belligerandi
1033 1505 1089 1570 ria
1102 1504 1193 1569 nulia
1207 1508 1271 1568 est.
1316 1502 1465 1567 Proinde

359 1608 454 1687 nihil,
471 1616 591 1695 praeter
604 1608 713 1672 noctis
735 1608 900 1692 proximae
921 1610 1216 1691 opportunitatem,
1234 1613 1465 1689 expectemus.

361 1710 428 1789 Ite,
440 1710 527 1776 Deis
542 1712 625 1775 bene
634 1710 845 1794 juventibus,
860 1728 1005 1793 corpora
1019 1717 1145 1788 curate,
1166 1716 1205 1772 nt
1218 1707 1335 1791 integri
1350 1708 1465 1791 vigen-

360 1822 479 1898 tesque
494 1812 613 1879 eodem
625 1813 738 1877 animo
749 1812 784 1877 in
796 1818 910 1877 castra
924 1812 1072 1877 hostium
1086 1811 1290 1895 irrumpatis,
1305 1830 1373 1895 qno
1384 1830 1460 1876 ves-

361 1919 416 1981 tra
424 1918 521 1980 tutati
534 1914 639 1981 estis?
661 1916 746 1981 Lati
761 1920 794 1979 et
804 1914 943 1980 audiere
954 1916 998 1979 ab
1010 1934 1100 1980 novo
1110 1914 1197 1978 duce
1209 1932 1331 1979 novum
1346 1913 1462 1977 consi·

359 2018 451 2097 lium,
467 2025 513 2097 et,
530 2038 599 2102 quo
617 2018 875 2095 audacinserat,
886 2017 994 2101 magis
1009 2005 1179 2101 placebat.
1203 2016 1385 2101 Reliquum
1397 2015 1466 2080 diei

362 2119 583 2205 expediendis
604 2122 705 2183 armis
724 2128 758 2183 et
778 2120 952 2184 curatione
970 2139 1149 2203 corporum
1174 2124 1411 2185 consumtum:
1433 2121 1468 2183 et

360 2222 468 2306 major
485 2241 563 2306 pars
578 2222 689 2287 noctis
705 2222 812 2307 quieti
827 2222 906 2285 data
919 2225 984 2287 est.
1029 2221 1162 2301 Quarta
1176 2221 1292 2304 vigilia
1306 2240 1451 2286 movere.

402 2324 457 2390 39.
482 2324 587 2390 Erant
614 2324 703 2389 nitra
724 2325 882 2407 proxima
903 2329 1019 2402 castra
1038 2344 1100 2388 sex
1124 2324 1267 2388 millium
1287 2324 1464 2389 intervallo

361 2428 528 2492 distantes
554 2426 630 2491 aliae
654 2428 764 2513 copiae
788 2426 987 2493 Poenorum.
1042 2425 1155 2491 Vallis
1179 2444 1267 2491 cava
1292 2427 1463 2505 intererat,

360 2529 532 2595 condensa
561 2529 745 2594 arboribus.
790 2528 833 2594 In
858 2527 958 2612 bajus
984 2528 1090 2612 sylvae
1117 2528 1228 2592 madio
1253 2527 1358 2593 fermo
1384 2548 1463 2612 spa·

361 2633 409 2698 tio
421 2630 468 2672 '⁶‘
484 2633 604 2696 cohors
620 2631 776 2696 Romana
792 2639 866 2696 arta
881 2630 1013 2697 Punica
1028 2631 1160 2696 abditur
1173 2637 1207 2696 et
1221 2632 1361 2714 equites.
1405 2631 1464 2695 Ita

360 2735 472 2800 medio
497 2735 614 2800 itinere
634 2735 862 2820 intercepto,¹⁷
878 2739 1000 2800 ceterae
1015 2735 1127 2820 copia
1141 2734 1254 2799 silenti
1269 2734 1403 2816 agmine
1419 2733 1464 2798 ad

838 2900 911 2921 '0000
914 2897 1005 2920 uun

360 2997 477 3049 Crevier.
505 2998 574 3050 Oiim
587 3000 723 3062 tegebatur
733 3001 1033 3066 enumquam-rs
1053 3003 1125 3051 Nunc
1132 2999 1326 3063 aggredientibus
1333 2999 1466 3063 paratique

359 3063 522 3126 opportunitas
532 3071 568 3114 est
580 3065 647 3114 Edd.
658 3073 719 3114 ante
731 3065 914 3118 Gronau—it
934 3067 1047 3116 Contenti
1058 3067 1125 3116 Edd.
1138 3075 1198 3116 aute
1211 3066 1389 3115 Gronau-io
1408 3066 1466 3113 Orn-

361 3143 445 3192 nsspse
459 3129 526 3178 Edd.
538 3137 598 3178 sate
609 3130 727 3180 Crevier.

392 3198 424 3243 16
441 3193 527 3244 Studio
547 3194 614 3244 Edd.
631 3205 693 3246 aute
710 3195 827 3245 Gronov.
848 3201 876 3246 et
894 3210 983 3247 omnes
1001 3195 1197 3247 iereMsse-lt
1214 3194 1274 3244 ‘Ita
1288 3193 1365 3245 medio
1377 3193 1465 3244 itinere

865 3308 973 3361 NOTAE

394 3403 620 3465 iAggredisntibua
645 3419 696 3469 spes
725 3405 818 3470 aliqua]
850 3406 896 3458 Ita
935 3409 1048 3459 enimen
1062 3406 1393 3472 contemtuipsornruoriri
1410 3404 1468 3456 bos·

361 3477 477 3528 Gronov.
495 3493 528 3527 ax
546 3479 632 3528 Psiat.
655 3480 754 3530 calamo
766 3489 893 3533 exarato:
936 3486 1001 3535 tium
1013 3485 1212 3549 negligentiam:
1230 3492 1258 3534 et
1276 3485 1296 3532 si
1308 3484 1469 3534 emanaverit

360 3555 403 3604 aiii
414 3570 467 3618 per,
479 3557 520 3605 rei
538 3571 583 3620 par
596 3558 677 3620 otioso
691 3563 736 3607 est.
766 3557 839 3608 Editi
851 3560 894 3609 trs·
934 3560 1005 3612 saras
1016 3561 1118 3625 egregie
1129 3568 1157 3611 et
1169 3561 1282 3611 feliciter
1292 3568 1394 3609 nnsstre
1405 3574 1470 3623 ope·

262 3691 264 3698 Α
359 3633 425 3684 beot
438 3649 485 3696 por
503 3633 584 3698 duaa
601 3635 763 3699 opportunitas
777 3639 829 3685 est.-
846 3636 891 3687 sed
936 3653 972 3688 rae
984 3639 1010 3689 in
1022 3638 1169 3702 eruptione,
1178 3635 1293 3687 futurum
1305 3644 1344 3697 nt,
1353 3643 1469 3686 contem·

360 3724 455 3760 nomen
466 3713 636 3775 opportunitas,
644 3726 692 3762 nec
704 3711 800 3764 babent
811 3714 894 3778 scrip·
934 3721 963 3763 tn
975 3722 1104 3768 cessante,
1119 3713 1206 3762 bontas
1225 3713 1303 3761 rebus
1323 3712 1376 3761 suis
1386 3711 1469 3776 magis

359 3786 391 3850 ti,
401 3795 429 3836 at
441 3801 473 3835 err
485 3788 660 3852 superioribus
671 3790 793 3853 supplere
804 3790 877 3840 iicet.
934 3790 1080 3854 invigilent,
1099 3802 1240 3854 omnesque
1255 3788 1343 3852 copias
1361 3787 1470 3852 conjun-

393 3863 551 3914 ¹¹Hestsrnoe
560 3864 893 3930 eruptionissnmucontsssni
936 3875 1008 3930 gant.

358 3939 510 4005 διείιήηιω]
528 3940 596 3990 Huc
608 3941 698 3992 melior
709 3942 786 3992 lectio
796 3955 830 3990 ex
840 3925 894 3991 me:
968 3950 982 3976 ¹
999 3943 1082 3992 Medio
1091 3941 1171 4002 serrae
1180 3939 1270 4005 spatio]
1296 3941 1390 3990 Plures
1400 3940 1471 4005 iibri,

358 4014 466 4066 lioribus
478 4015 622 4077 codicibus,
636 4031 710 4082 quam
728 4017 798 4083 quod
817 4018 894 4081 rotgo
936 4018 963 4067 in
982 4017 1023 4067 bis
1042 4019 1181 4082 Regiorum
1203 4031 1279 4080 nnus,
1302 4032 1361 4067 enm
1383 4017 1471 4076 editis,

358 4091 384 4141 in
395 4091 483 4149 editis,
494 4092 895 4156 eruptionissnmaaontsntidesie·
935 4095 1021 4144 stadis.
1055 4094 1109 4144 Alii
1131 4094 1217 4142 aliter.
1249 4093 1302 4142 Sed
1322 4107 1470 4158 quanquam

359 4169 442 4218 aaa.
475 4169 598 4220 Quamvis
615 4171 684 4220 enirn
703 4172 808 4220 &sinere
826 4171 893 4221 seci-
937 4171 1043 4234 vulgata
1055 4170 1100 4219 iiis
1112 4171 1192 4219 tectio
1204 4170 1311 4219 tolerari
1326 4168 1395 4220 forte
1410 4185 1470 4235 pos·

360 4245 447 4308 piatur
463 4245 602 4311 nliqasndo
620 4259 678 4311 pro,
689 4260 807 4298 cessare:
826 4253 894 4298 atta·
936 4255 988 4309 sat,
999 4247 1105 4296 indubia
1116 4247 1178 4295 mitri
1189 4245 1246 4295 t'ere
1255 4246 1358 4297 ridetur
1366 4261 1471 4298 eorrec-

359 4332 418 4366 rnen
430 4319 517 4380 aptior
529 4321 632 4371 ridetur
643 4323 776 4374 sententia
787 4323 845 4374 erni
859 4338 894 4374 ex
936 4325 973 4374 tio
996 4324 1123 4374 Gronosii
1141 4323 1260 4388 jubentia
1283 4323 1370 4380 scribi,
1394 4324 1472 4374 saedis

358 4394 410 4448 iliis
424 4396 510 4448 verbis
526 4400 642 4451 commui
660 4400 805 4454 munina.
831 4403 895 4453 Vult
927 4400 1105 4466 sermsrpatio.
