3259 5225
461 543 536 594 nse.
557 542 674 594 xxvi.
696 543 779 595 cer.
799 531 856 598 te.
1125 533 1213 602 2257

112 691 240 770 ventis,
261 697 485 776 preterquam
505 687 636 766 Africo,
655 693 762 756 tuturo
782 683 877 757 iacit
920 689 977 758 Ab
996 688 1113 758 intimo
1134 695 1213 762 sinu

112 794 293 886 peninsula
316 792 475 870 excurrit,
498 792 697 858 tumulosis
722 792 808 878 ipse,
826 793 861 859 in
884 813 953 879 quo
975 795 1111 863 condite
1133 797 1213 862 urbs

113 904 181 973 est,
203 897 249 962 nb
272 904 347 962 ortu
368 885 449 961 solis
474 902 510 961 et
533 914 557 960 e
580 895 720 962 meridie
746 897 859 964 cincto
885 897 986 966 meri:
1015 901 1059 964 eh
1086 919 1214 966 occasu

112 1007 269 1080 stagnum
290 998 426 1077 claudit,
441 997 580 1083 paulurn
602 998 702 1065 etad
727 1001 992 1084 septemtrionem
1010 1001 1142 1084 iusum3
1164 1005 1213 1068 iu-

112 1113 215 1168 certae
245 1101 444 1179 altitudinis,
468 1108 651 1186 utcumque
677 1108 849 1168 exaestuet
877 1110 939 1167 eut
962 1103 1075 1169 deficit
1101 1113 1213 1170 mere.‘

113 1201 306 1270 Continenti
334 1204 450 1269 urbem
474 1203 593 1288 jugum
621 1203 785 1270 ducentos
811 1205 878 1272 iere
907 1215 945 1272 et
970 1207 1214 1292 quinquaginta

112 1325 238 1389 pessus
259 1313 381 1390 petens
403 1303 602 1392 conjungis!
642 1305 752 1384 Unde,
782 1327 858 1372 cum
885 1315 952 1374 tum
982 1310 1077 1394 porri
1102 1311 1212 1394 operis

112 1409 255 1475 munitio
280 1416 386 1489 esset,
411 1427 478 1474 non
502 1409 631 1494 objecit
655 1409 783 1475 rollum
810 1411 993 1496 imperator
1021 1411 1213 1479 Romanus:

114 1531 176 1576 seu
191 1512 348 1579 fiduciam
360 1512 450 1578 hosti
462 1512 607 1596 superbe
618 1519 808 1592 ostentans,
819 1513 890 1578 sire
903 1518 941 1579 ut
952 1513 1107 1578 subeunti
1119 1535 1213 1600 stepo

114 1613 159 1681 od
170 1616 299 1682 moenie
313 1616 403 1681 urbis
417 1632 570 1680 recursus
586 1620 724 1697 peteret.

156 1717 212 1784 43.
237 1717 373 1798 Cetera,
389 1736 468 1802 qooe
481 1715 659 1781 munienda
674 1723 780 1795 erem,
795 1734 873 1782 cunr
887 1715 1095 1802 perfecisset,
1109 1737 1213 1784 neves

112 1820 216 1885 etiem
238 1821 274 1885 in
297 1828 409 1905 portu,
423 1818 518 1886 reiut
539 1818 741 1884 maritimum
762 1838 902 1905 quoque
924 1825 1101 1886 ostentans
1123 1820 1214 1884 obsi·

115 1922 263 2003 dionem,
285 1923 459 2000 instruxit,
483 1921 793 2007 circumvectusque
819 1923 973 2004 classem,
996 1944 1074 1990 curu
1099 1942 1215 1988 monn·

113 2024 198 2092 isset
217 2025 397 2110 praefectos
415 2024 563 2114 nerium,
578 2029 616 2090 ut
635 2024 766 2106 vigilios
781 2031 958 2091 nocturnes
973 2025 1088 2090 intenti
1102 2043 1215 2090 serve·

114 2135 199 2200 rent,
219 2127 329 2194 omniu
353 2126 481 2212 ubique
501 2127 609 2212 primo
629 2128 807 2193 obsessum
829 2124 962 2194 hostem
984 2129 1215 2209 counri3⁸re=

114 2249 249 2312 gressus
269 2231 304 2295 in
324 2236 450 2307 cestro,
466 2234 505 2294 ut
527 2229 661 2294 consilii
682 2230 737 2296 sui
759 2231 938 2308 rationem,
953 2231 1044 2317 qood
1064 2234 1109 2297 eb
1131 2231 1213 2297 urbe

113 2333 328 2416 potissimum
346 2333 574 2417 oppugnando
593 2332 720 2399 beilum
739 2352 839 2400 orsus
856 2341 960 2413 esset,
976 2333 1139 2400 militibus
1160 2354 1214 2400 os-

112 2434 272 2512 tenderet,
291 2445 327 2501 et
349 2455 444 2520 spem
466 2436 636 2520 potiondae
662 2437 870 2503 cohortando
897 2437 1042 2513 feceret,
1055 2439 1214 2504 concione

112 2539 282 2604 edvocete
295 2537 344 2604 ite
359 2538 535 2604 disseruit:
558 2537 634 2604 ‘Ad
650 2539 767 2604 urbem
781 2559 882 2605 onem
897 2540 1159 2625 oppugnandum
1167 2538 1213 2581 ¹⁸¹¹

114 2644 145 2707 si
165 2644 244 2729 quis
261 2662 324 2709 ros
348 2641 516 2731 adductos
534 2642 649 2721 credit,
663 2642 694 2709 is
718 2642 825 2727 magis
846 2644 959 2728 operis
980 2643 1093 2723 vestri,
1111 2662 1213 2728 quem

569 2822 757 2847 MNO

146 2946 178 2994 18
195 2942 314 3017 ¹Qustuor
332 2942 398 2995 bles.
417 2952 444 2997 st
463 2952 529 2997 rett·
547 2944 616 2997 ΕΜ.
635 2944 826 3009 oppam,
837 2940 907 3007 quod
919 2941 1016 2993 rectius
1027 2942 1148 3007 opinetur
1160 2940 1214 2993 Ru·

608 3103 717 3157 ΝΟΜ

112 3224 163 3272 dre.
197 3220 264 3271 snut
277 3228 365 3271 trusen
375 3220 468 3285 quihus
484 3218 593 3271 steri
606 3220 644 3271 te·
684 3219 717 3271 sd
728 3233 784 3271 sens
794 3219 869 3271 utitis
880 3226 1057 3285 perscrutetur
1072 3216 1167 3272 fueret.

112 3314 171 3348 esus
180 3311 248 3349 xrrs.
265 3298 401 3363 Odyssea,
411 3298 644 3348 hiciusitstnsrre·
714 3294 724 3330 ἴ
742 3297 880 3348 Cestisssts'
895 3298 975 3347 erbeus
987 3296 1085 3359 jugere,
1101 3299 1143 3359 tu.
1160 3310 1215 3345 crs·

113 3374 288 3425 dstnrbtsro.
675 3372 774 3437 jessit]
794 3374 890 3438 Potyh.
908 3374 1037 3429 isthmum,
1055 3380 1215 3424 ermenteus

144 3458 156 3486 ⁸
174 3450 306 3514 oen-qu
315 3454 434 3500 aaut
446 3455 489 3500 est
503 3449 644 3516 deficitur·
683 3451 799 3515 eppettst
810 3449 837 3499 iu
851 3448 992 3514 peniusnirs
1008 3446 1126 3511 formem,
1138 3462 1215 3515 quem

110 3526 150 3591 rs]
168 3525 643 3591 Utsssepsehisstguitieetprout,seu
682 3527 798 3576 tmsstssss
819 3531 847 3576 et
862 3524 951 3589 Jsgsss
970 3531 1047 3576 roret
1068 3533 1166 3581 noster,
1187 3532 1216 3577 et
1308 3602 1313 3613 Ι

112 3604 222 3670 perinde
232 3613 272 3654 ut.
298 3602 435 3655 Quosredo
444 3604 532 3668 recipi
542 3604 645 3654 videtur
683 3617 734 3668 qno
744 3602 806 3653 urbs
816 3603 960 3653 continenti
973 3603 1097 3653 edisseret.

110 3681 196 3732 scie.
213 3680 240 3731 in
251 3678 375 3735 Oretore,
391 3678 556 3744 ‘Utcumque
568 3692 596 3729 se
607 3676 644 3728 st·
715 3678 928 3743 rossetssbs'qer
942 3678 1020 3743 priseo
1036 3678 1153 3727 &essere
1167 3677 1218 3727 bes·

110 3756 210 3810 fectum
228 3756 321 3814 rideri,
340 3765 368 3806 et
385 3755 497 3805 utinum
516 3754 645 3805 redieritis
684 3756 833 3820 tessesssrs']
845 3754 910 3805 Ideo
918 3755 1031 3804 intentos
1037 3755 1215 3819 Jnsserstesse

111 3832 210 3884 ruereri
222 3834 303 3893 rotet,
314 3832 464 3881 itseerturu
475 3832 546 3881 roris
558 3832 645 3881 sduso·
685 3830 824 3898 prefectos
846 3830 959 3893 ueriurn,
980 3832 1049 3895 quod
1076 3828 1216 3879 obsidionis

110 3906 309 3961 rehitsnuurns'
325 3915 431 3973 stqrses
442 3908 537 3957 Pisuto
547 3907 574 3957 iu
585 3908 645 3957 Poe·
684 3907 759 3958 initio
769 3906 876 3957 ussximi
892 3919 950 3955 esse
966 3912 1157 3955 consueverunt
1171 3920 1215 3955 co·

111 3989 183 4049 uuio,
206 3986 374 4050 ‘Utcumque
399 3990 440 4034 est
463 3992 566 4049 ventus,
583 3986 644 4035 exin
683 3984 913 4047 ustuseorumqui
925 3980 1086 4032 obsidentur.

111 4067 198 4117 retons
227 4060 355 4112 sortitur!
398 4059 548 4126 Acceperat
574 4062 645 4126 prius
716 4059 729 4094 ¹
751 4058 793 4110 Ad
819 4058 901 4109 ortes
925 4072 997 4107 sem
1022 4057 1216 4122 eppsmdsm]

110 4140 201 4206 Scipio
222 4153 239 4189 s
261 4136 433 4201 piscstorihns
458 4138 543 4201 stsgui
568 4136 644 4200 hujus
684 4137 727 4188 An
738 4137 770 4185 sd
785 4134 968 4199 meudun
979 4134 1062 4197 teges,
1073 4147 1164 4196 perure
1176 4134 1214 4183 tu·

111 4226 242 4280 uetnrsn,
261 4215 331 4279 quod
358 4215 514 4265 tutuientsur
539 4212 645 4279 ubique,
684 4220 777 4264 terest.
810 4212 877 4263 Qure
896 4218 1037 4275 sequuntur
1053 4224 1088 4259 ex
1105 4209 1216 4274 Polybio

112 4295 246 4361 pterisque
271 4290 337 4342 iscis
358 4290 482 4340 rsdcsssus
507 4298 587 4354 esset,
615 4295 645 4339 et
681 4290 737 4342 fere
757 4296 892 4341 mutuetur
914 4296 955 4339 set
976 4288 1035 4339 Lir.
1061 4302 1111 4337 nec
1134 4296 1217 4339 totsns

111 4372 178 4437 quod
191 4383 289 4435 ursgue
304 4382 339 4419 ex
352 4374 430 4431 perte
444 4365 561 4433 quotidie
575 4368 646 4417 circs
681 4366 811 4432 Scipionis
832 4364 902 4431 epud
924 4378 982 4415 eoru
1005 4362 1148 4415 orationem
1170 4378 1216 4415 err.

111 4462 248 4516 resperstu
260 4445 436 4500 decresceret.
469 4444 645 4511 diisquoque
683 4442 786 4509 pressit.
