3259 5225
413 536 503 604 2410
881 550 916 600 r.
938 549 1033 599 mvn

414 700 531 763 aarum
545 700 786 783 puerorumque
802 694 970 760 imbellem
987 694 1210 779 inermemque
1219 700 1246 743 ¹⁴
1264 694 1360 761 cives
1374 693 1430 761 sui
1444 713 1519 767 cae·,

415 802 542 879 dorent,
561 798 644 866 etin
663 817 860 864 succensum
877 817 991 881 rogum
1006 798 1203 863 semianima
1220 798 1382 882 pleraque
1398 800 1519 885 injice·

414 906 488 970 re'nt
501 920 653 987 corpora,
667 902 797 986 rivique
808 901 978 984 sanguinis
986 901 1155 967 dammam
1167 900 1324 966 orientem
1335 901 1521 991 restingue·

414 1017 510 1072 rent:
533 1013 702 1091 postremo
716 1004 795 1089 ipsi,
814 1002 910 1068 caede
925 1001 1116 1067 miseranda
1129 1020 1263 1067 suorum
1278 1000 1423 1085 fatigati,
1439 1022 1520 1067 cum

416 1108 518 1175 armis
535 1106 646 1172 medio
661 1125 700 1171 se
715 1105 869 1171 incendio
885 1103 1075 1189 injecerunt.
1117 1104 1141 1170 J
1144 1124 1199 1168 am
1213 1105 1303 1170 caedi
1316 1110 1521 1189 perpetratae

415 1214 556 1279 victores
572 1208 720 1274 Romani
735 1215 1009 1293 supervenerunt.
1054 1207 1108 1273 Ac
1123 1209 1230 1292 primo
1246 1215 1434 1292 conspeetu
1447 1214 1521 1273 tam

415 1316 518 1382 ioedae
527 1314 578 1379 rei
592 1312 779 1379 mirabundi
792 1332 969 1397 parumper
980 1312 1236 1397 obstupuerunt.
1259 1311 1350 1376 Dein
1364 1330 1443 1377 curn
1458 1328 1519 1375 an·

416 1438 488 1483 rum
504 1424 753 1500 argentumque,
775 1415 912 1481 cumulo
926 1435 1033 1480 rerum
1049 1415 1187 1481 aliarum
1203 1414 1429 1496 interfulgens,
1445 1414 1522 1479 asi·

416 1520 524 1586 ditate
540 1518 663 1602 ingenii
684 1519 830 1596 immuni,
853 1538 971 1603 rapere
989 1537 1033 1583 ex
1056 1518 1132 1601 igue
1148 1516 1281 1593 vellent,
1301 1518 1445 1601 correpti
1459 1515 1520 1581 etti

415 1624 551 1691 flamma
573 1628 661 1698 sunt,
684 1622 743 1686 ulii
765 1622 913 1687 ambusti
934 1620 1053 1686 afflatu
1075 1620 1233 1704 uaporis:
1254 1639 1334 1683 cum
1357 1627 1519 1703 receptus

415 1725 546 1809 primis,
570 1732 709 1807 urgente
734 1723 861 1807 ingenti
886 1724 1023 1802 turbn‚¹⁵
1045 1742 1111 1787 non
1135 1718 1255 1785 esset!
1297 1718 1352 1784 Ita
1371 1718 1519 1805 Astapa,

417 1829 490 1893 sine
505 1828 622 1913 praeda
636 1827 793 1905 militum,
811 1828 899 1892 ferro
912 1826 1048 1909 ignique
1063 1825 1220 1890 absumta
1240 1826 1304 1887 est.
1348 1822 1519 1900 Marcius,

416 1932 538 1996 ceteris
552 1930 627 2014 ejus
641 1930 786 2014 regionis
801 1937 891 1993 metu
904 1929 940 1993 ln
955 1927 1161 1994 deditionem
1176 1925 1339 2009 acceptis,
1350 1927 1518 1992 rictorem

416 2034 602 2097 exercitum
630 2032 861 2115 Carthaginem
889 2032 934 2097 ud
958 2032 1152 2115 Scipionem
1175 2028 1321 2095 reduxit
1365 2028 1436 2095 Per
1455 2050 1519 2097 eos

417 2138 515 2221 ipsos
529 2139 603 2203 dies
616 2136 767 2221 perfugae
782 2156 803 2201 a
817 2136 975 2203 Gadibus
989 2142 1162 2213 venerunt,
1180 2135 1388 2220 pollicentes,
1402 2135 1520 2200 arbem

417 2239 649 2323 Punicumque
663 2240 870 2324 praesidium,
882 2239 975 2323 qnod
989 2240 1022 2303 iu
1037 2260 1079 2305 ea
1094 2240 1174 2304 urbe
1187 2235 1363 2316 esset,¹⁶et
1373 2238 1520 2321 impera-

418 2350 525 2408 torem
545 2342 697 2427 presidii
717 2361 793 2407 cnm
813 2342 926 2407 classe
945 2341 1138 2425 prodituros
1153 2360 1239 2407 esse.
1283 2338 1388 2423 Mago
1402 2341 1453 2405 ibi
1473 2360 1520 2407 ex

417 2445 499 2527 iuga
511 2446 718 2524 substiterat,
740 2444 949 2529 navibusque
971 2445 1005 2509 in
1026 2464 1155 2510 oceano
1176 2443 1344 2520 collectis,
1361 2444 1520 2527 aliquan·

418 2556 490 2616 turn
505 2548 707 2614 auxiliorum
723 2556 760 2614 et
774 2553 865 2614 trous
881 2549 999 2612 fretum
1014 2567 1060 2612 ex
1073 2546 1299 2627 Africaora,¹⁷
1314 2553 1401 2611 etex
1412 2566 1520 2631 prox·

418 2651 496 2715 imis
516 2651 694 2734 Hispaniae
712 2651 801 2730 locis
823 2671 883 2735 per
905 2651 1108 2717 Hannonem
1131 2651 1326 2736 praelectum
1348 2649 1520 2732 coegerat.

419 2751 506 2817 Fide
526 2760 667 2838 accepta
681 2754 826 2838 dataque
840 2753 999 2838 perfugis,
1019 2761 1052 2820 et
1066 2753 1220 2819 Marcios
1233 2772 1275 2817 eo
1290 2771 1367 2818 cum
1381 2753 1521 2838 expedi·

419 2856 463 2919 tis
478 2854 682 2934 cohortibus,
703 2863 737 2921 et
760 2855 887 2921 Laelius
906 2877 981 2922 cum
996 2865 1126 2941 septem
1141 2856 1341 2933 triremibus,
1354 2856 1519 2939 quinque·

417 2959 502 3023 remi
512 2957 537 2998 ¹⁸
549 2977 626 3034 una,
643 2964 695 3023 est
708 2960 846 3038 missus,
862 2966 900 3041 ut
911 2967 999 3025 terra
1017 2960 1170 3045 marique
1184 2959 1353 3024 communi
1371 2957 1519 3024 consilio
1539 2940 1544 2955 ’

421 3080 493 3124 rem
509 3065 662 3143 gererent.

462 3163 515 3228 24.
540 3162 657 3246 Scipio
682 3162 754 3246 ipse
774 3163 868 3244 gravi
888 3164 1004 3228 morbo
1024 3164 1219 3249 implicitus,
1242 3163 1394 3248 graviore
1409 3169 1519 3229 tamen

419 3265 541 3345 suma,m
556 3263 688 3330 eumad
702 3264 737 3329 id
746 3265 901 3350 quisque,
915 3267 1006 3351 quod
1015 3267 1178 3343 audierat,
1188 3266 1307 3354 (insita
1315 3267 1487 3332 bominum
1495 3273 1520 3316 ¹⁹

419 3415 654 3546 uxamam.
663 3415 779 3474 incendio,
787 3431 848 3482 rere,
856 3424 955 3484 propter
962 3419 1057 3470 terbum
1065 3420 1188 3483 ingentem
1198 3435 1251 3485 qna
1260 3394 1458 3484 mendatium
1465 3431 1522 3482 pre-

418 3657 1521 3792 1minimissimisistotorum

420 3795 498 3842 torum
507 3808 535 3842 ac
546 3796 595 3841 trun
605 3791 709 3842 maxime
716 3791 881 3842 diraimrrtiarm
890 3803 958 3854 premo
975 3791 1094 3854 cedesque
1105 3792 1243 3857 edebantur,
1253 3799 1280 3840 et
1295 3807 1356 3842 mox
1367 3807 1426 3841 cum
1439 3793 1522 3842 liber.

419 3857 557 3908 miscendis
570 3856 705 3918 irriieerm.
737 3857 837 3907 Contrn
847 3857 925 3907 Creu.
935 3869 985 3905 uon
1005 3855 1153 3920 dubitabat,
1163 3857 1224 3922 quin
1236 3871 1252 3905 rr
1264 3857 1336 3906 livio
1354 3853 1475 3921 profecte
1483 3873 1523 3907 ca·

421 3929 481 3974 rent
492 3923 573 3972 verbe
592 3922 644 3983 illa,
654 3937 669 3970 a
680 3921 812 3986 plerisque
831 3920 907 3972 codd.
927 3921 1081 3978 exsulantis,
1091 3936 1150 3972 cum
1170 3932 1199 3972 et
1218 3929 1344 3986 sugerent
1354 3923 1522 3980 sententiam,

420 3987 619 4052 necquidquam
632 3987 821 4050 peregrinient
839 3985 941 4048 pinguis
961 3985 1309 4050 recolerem.'1tupnr.—rt
1325 3987 1397 4038 Olim
1416 3988 1523 4051 legeba-

412 4055 464 4102 'tnr
479 4053 592 4103 inermem
608 4052 663 4102 uiue
681 4055 799 4116 qua-lt
817 4051 912 4103 ‘Quod
924 4051 1040 4104 Rhenum.
1056 4052 1162 4102 immisit
1179 4051 1223 4102 urb
1239 4052 1522 4115 ingemendum

421 4117 489 4169 Pell.
499 4119 616 4183 quisque,
627 4131 676 4166 nec
687 4117 824 4166 Vennum
836 4115 991 4167 confirmat!
1006 4114 1033 4166 J.
1045 4116 1077 4168 F.
1090 4117 1235 4167 Grum-ltt
1251 4116 1322 4166 Ante
1333 4117 1486 4181 Gremqrrod
1495 4119 1522 4168 ia

421 4199 450 4235 eu
459 4187 592 4234 aret-ll
604 4182 637 4232 In
649 4182 717 4232 Edd.
728 4191 789 4233 ante
800 4181 884 4233 Gron.
900 4180 993 4244 Δίήσι
1002 4182 1370 4247 orae.-10¹Copnlatirumrt
1379 4188 1442 4234 ente
1452 4184 1522 4248 quir·

421 4248 524 4313 quercui
534 4247 658 4300 abdicant
669 4261 757 4298 omnm
770 4246 881 4312 scripti!
897 4247 926 4296 J.
936 4247 968 4298 F.
978 4247 1057 4296 Groa.
1132 4289 1136 4294 .

919 4359 1029 4413 NOTAE

455 4465 473 4493 ¹·
493 4461 607 4511 Graviore
618 4465 695 4512 teram
706 4460 788 4525 sumn]
806 4459 876 4512 Gall.
889 4458 1056 4518 Oalcsrr'roit
1066 4473 1147 4510 encore
1161 4459 1216 4524 plur
1225 4459 1317 4510 mlude
1332 4455 1392 4523 qr'il
1406 4457 1503 4510 rr’ttsit.
