3259 5225
343 448 430 517 2166
820 468 856 515 r.
877 468 977 517 crvrt

341 604 498 689 pitolium
513 610 646 683 vocato,
666 602 708 669 de
726 624 763 671 re
777 606 926 690 publica,
937 606 979 671 de
994 606 1278 673 administratione
1291 607 1386 686 belli,
1396 608 1440 675 de

343 706 526 792 provinciis
538 708 811 793 exercitibusque
827 709 947 775 Patres
965 710 1213 777 consuluerunt.
1247 709 1293 790 Q.
1309 710 1441 789 Fulvio,

340 808 586 895 Ap.clandio,¹
601 809 808 895 priorisanni
818 812 1026 889 consulibus,
1041 813 1441 896 prorogatnmimperinm

340 918 404 989 est,
413 918 511 997 atque
519 912 699 992 exercitus,
710 912 979 997 quosbabebant,
989 914 1131 996 decreti;
1144 914 1388 1000 adjectumque,
1397 934 1440 979 nc

340 1034 362 1081 a
376 1014 507 1100 Capua,
516 1034 616 1098 quam
632 1014 847 1094 obsidebant,
861 1017 1090 1092 abscederent,
1102 1018 1194 1101 prins
1204 1036 1304 1102 quam
1313 1037 1442 1101 expug-

339 1122 485 1182 nassent.
525 1116 575 1181 Ea
592 1121 660 1180 tum
680 1118 917 1183 cummaxime
932 1120 1073 1184 intentos
1085 1120 1232 1185 babebat
1244 1117 1440 1200 Romanos;

340 1238 405 1283 non
416 1221 460 1285 ab
474 1220 543 1283 ira²
559 1224 696 1293 tautum,
713 1238 790 1302 qnae
801 1220 835 1283 in
843 1220 971 1286 nullam
982 1240 1129 1306 unquam
1139 1222 1307 1287 civitatem
1312 1220 1441 1306 justior

338 1319 410 1399 fuit,
421 1341 521 1407 quam
534 1319 625 1406 quod
635 1321 715 1386 urbs
731 1326 797 1386 tam
812 1322 937 1387 nobilis
948 1341 989 1388 ac
1001 1331 1136 1405 potens,
1148 1324 1238 1388 sicut
1249 1322 1440 1389 deiectione

338 1443 403 1489 sua
413 1429 558 1490 traxerat
581 1423 708 1508 aliquot
721 1426 882 1509 populos,
896 1426 945 1490 ita
957 1432 1095 1509 recepta
1106 1425 1307 1491 inclinatura
1321 1444 1439 1492 rursus

339 1526 470 1593 animos
480 1526 656 1593 videbatur
665 1526 709 1591 ad
719 1528 839 1591 veteris
846 1528 980 1612 imperii
991 1531 1210 1611 respectum.⁴
1229 1526 1275 1592 Et
1287 1530 1439 1611 praetori·

336 1630 403 1695 bus
429 1630 548 1715 prioris
572 1628 662 1706 anni,
686 1627 738 1694 M.
762 1629 866 1694 Junio
888 1630 923 1694 in
945 1627 1090 1708 Etruria,
1115 1628 1155 1692 Ρ.
1175 1630 1374 1713 Sempronio
1401 1630 1438 1695 iu

300 1726 302 1737 ’
337 1730 461 1809 Gellia,
479 1752 557 1798 cum
579 1732 667 1796 binis
692 1731 892 1814 legionibus,
909 1750 994 1816 quas
1011 1730 1209 1809 habuerant,
1225 1739 1436 1815 prorogatum

336 1843 387 1902 est
401 1835 588 1919 imperium.
625 1834 843 1916 Prorogatum
852 1842 887 1899 et
895 1833 946 1898 M.
958 1833 1138 1912 Marcello,
1150 1838 1189 1898 ut
1203 1854 1262 1917 pro
1277 1836 1434 1899 consule³

337 1938 373 2001 in
388 1936 506 2004 Sicilia
521 1937 676 2020 reliqua⁴
697 1936 776 2001 belli
791 1936 965 2021 perliceret
980 1956 1022 2002 eo
1037 1937 1200 2015 exercitu,
1217 1956 1317 2020 quem
1334 1937 1436 2002 babe-

336 2044 398 2103 ret.
437 2038 472 2104 Si
500 2040 732 2123 supplemento
752 2058 839 2122 opus
855 2050 957 2117 esset,
977 2038 1151 2122 suppleret
1172 2036 1215 2102 de
1235 2038 1434 2120 legionibus,

336 2140 462 2226 quibus
477 2140 518 2205 P.
533 2139 711 2206 Cornelius
724 2135 911 2225 propraetor
922 2140 956 2205 iu
971 2140 1090 2205 Sicilia
1104 2146 1283 2225 praeesset3
1299 2139 1376 2205 duur
1391 2160 1434 2206 ue

336 2262 435 2327 quem
451 2244 589 2308 militem
600 2244 721 2326 legeret
732 2262 778 2306 ex
788 2262 830 2307 eo
842 2240 1009 2320 numero,b
1019 2242 1141 2326 quibus
1154 2248 1291 2307 senatus
1302 2244 1434 2309 missio·

335 2363 413 2409 nem
427 2344 634 2429 reditumque
660 2345 693 2409 in
709 2343 852 2428 patriam
875 2350 1032 2427 negasset
1046 2350 1124 2409 aute
1139 2344 1220 2409 belli
1235 2344 1346 2410 finem.
1391 2345 1432 2413 C.

335 2447 495 2532 Sulpicio,
510 2449 563 2512 cni
580 2446 719 2511 Sicilia⁵
742 2455 911 2523 evenerat,
927 2446 1002 2512 duae
1017 2447 1177 2530 legiones,
1194 2467 1280 2532 quas
1297 2446 1336 2512 P.
1353 2447 1434 2514 Cor·

335 2550 445 2618 aelius
472 2550 658 2628 habuisset,
683 2548 842 2629 decretae,
864 2555 899 2615 et
918 2549 1188 2634 supplementum
1211 2550 1254 2616 de
1278 2552 1432 2617 exercitu

335 2653 398 2720 Gn.
415 2654 537 2732 Fulvii,
549 2654 609 2740 qui
626 2653 735 2737 priore
748 2673 836 2718 auno
851 2653 887 2716 in
901 2651 1026 2736 Apulia
1042 2652 1134 2717 soede
1150 2672 1261 2718 caesus
1280 2652 1432 2736 fugatus-

335 2776 403 2840 que
433 2763 530 2822 erat.⁰
573 2755 669 2820 Huic
697 2755 807 2838 generi
830 2754 974 2819 militum
997 2761 1135 2820 senatus
1157 2755 1309 2835 eundem,
1332 2775 1432 2841 quem

334 2856 581 2937 Cannensibus,
596 2857 692 2924 linem
715 2864 874 2922 statuerat
890 2857 1040 2923 militiae:
1063 2856 1214 2923 additum
1227 2858 1327 2922 etiam
1343 2864 1431 2923 utro·

333 2979 474 3043 rumque
504 2959 697 3041 ignominiae
723 2966 787 3034 est,
810 2977 853 3022 ne
873 2959 907 3021 iu
932 2959 1071 3042 oppidis
1092 2957 1322 3041 bybemarent,
1347 2979 1431 3025 uere

332 3063 481 3146 hyberna
495 3061 634 3145 propius
651 3061 752 3125 ullam
764 3061 879 3124 urbem
892 3060 1007 3125 decem
1019 3061 1166 3125 millibus
1177 3080 1338 3146 passuum
1347 3064 1430 3128 aedi·

331 3162 479 3227 ficarent·
524 3161 564 3225 L.
578 3159 735 3226 Cornelio
756 3162 789 3224 in
809 3161 967 3226 Sardinia
982 3160 1059 3228 duae
1073 3163 1223 3245 legiones
1239 3162 1340 3243 datm,
1355 3148 1446 3248 qui?

331 3263 395 3327 bus
409 3261 453 3339 Q.
469 3260 602 3326 Mucius
622 3262 809 3344 praefuerat.
855 3263 1142 3346 supplementum,
1161 3265 1191 3329 si
1214 3282 1300 3349 opus
1323 3275 1429 3347 esset,

331 3363 489 3430 consules
506 3365 649 3430 scribere
668 3365 771 3448 jussi.
816 3363 858 3430 Τ.
874 3364 1023 3430 Otacilio
1047 3374 1083 3431 et
1107 3367 1159 3434 M.
1176 3367 1316 3434 Valerio
1339 3369 1428 3435 Sici-

252 3499 254 3506 ·
326 3531 377 3653 1·αὲ
378 3523 518 3653 diEuffppctppp
510 3530 587 3642 ff
602 3532 629 3576 ut
647 3525 798 3590 respicerent,
812 3530 884 3589 atque
900 3524 986 3575 denar
996 3530 1106 3589 optem
1116 3527 1242 3592 {reperiam
1259 3529 1428 3592 amna,

788 3717 969 3740 metuente

362 3804 375 3851 1
394 3798 435 3850 ΑΙ.
448 3801 481 3858 Q.
496 3802 581 3852 Fulvio
596 3807 619 3852 et
630 3801 663 3852 A.
677 3803 835 3853 Claudia-2
850 3803 859 3831 ‘
871 3803 985 3868 Vulgata
1002 3804 1081 3854 lectio
1092 3805 1121 3853 ob
1130 3804 1192 3854 bant
1203 3804 1345 3868 importata
1356 3804 1427 3854 ride·

328 3871 370 3915 tur
383 3868 416 3916 ab
428 3867 469 3929 iis,
481 3869 525 3933 qui
542 3869 618 3933 bojas
631 3869 767 3918 locutionis
783 3883 856 3918 uram
867 3869 1036 3934 ignorarent!
1052 3871 1220 3932 Datim-8
1237 3871 1280 3921 ΑΙ.
1293 3872 1426 3935 mensal.

821 4014 932 4068 Now
956 3971 964 3980 Ι

358 4125 371 4160 ¹
388 4127 429 4176 Ea·
440 4143 466 4178 aa
477 4144 581 4187 ramere,
592 4129 646 4193 lfa]
658 4131 753 4180 Eorum
763 4145 858 4196 nempe
898 4132 955 4195 ipre
969 4128 1041 4179 fusus
1054 4128 1225 4196 fugatusque:
1243 4131 1293 4181 uisi
1309 4131 1426 4183 dicernat

328 4202 371 4267 qui
384 4205 474 4266 prelio
487 4206 617 4256 &ansusi
628 4205 760 4270 ingerant.
896 4222 983 4257 cosan
1005 4207 1163 4271 generaliter
1182 4222 1228 4270 pro
1249 4209 1316 4259 male
1335 4210 1423 4260 babilo

359 4286 370 4312 ⁶
388 4277 419 4326 la
437 4279 525 4343 spara
533 4283 601 4341 soede
620 4297 697 4348 cesar,
708 4282 857 4347 sagumque
896 4299 943 4335 seu
956 4284 1026 4334 ricto
1038 4284 1118 4334 sumi:
1131 4299 1189 4334 nam
1199 4284 1248 4349 ipsi
1260 4285 1315 4336 dier
1326 4285 1425 4337 ermol»

323 4353 388 4420 art]
422 4355 511 4407 Caesar
528 4357 615 4410 fuerat
631 4359 688 4422 ejm
708 4361 852 4418 exercitur,
895 4375 950 4413 reru
961 4361 1238 4428 dictacap.aequenti.
