3259 5225
434 589 509 640 cre·
530 589 662 638 xxvrr.
683 591 766 640 cer.
787 575 841 640 17.
1096 574 1184 643 2315

77 735 241 821 ponticos
264 755 340 803 cum
367 737 473 802 literis
497 736 683 822 principum
707 736 782 821 ejus
802 736 950 802 civitatis
972 736 1015 802 ad
1037 735 1183 804 Fabium

76 839 264 906 Tarentum
285 839 396 914 mittit,
421 835 521 904 iidem
546 839 589 902 ab
615 838 753 904 consule
781 846 996 924 accepturos,
1018 839 1184 923 impunita

75 942 122 1007 iis
136 947 164 990 ¹⁴
184 942 298 1026 priora
310 940 392 1018 iore,
417 941 448 1006 si
471 939 706 1025 Metapontum
728 941 761 1005 ei
781 960 857 1007 cum
874 941 1033 1027 prasidio
1048 941 1181 1008 Punico

76 1043 313 1128 prodidissent.
345 1043 485 1123 Fabius,
502 1061 591 1120 vera,
606 1061 682 1126 quae
696 1042 862 1122 afferrent,
877 1060 951 1108 esse
964 1049 1071 1123 ratus,
1082 1043 1182 1120 diem,

77 1166 150 1234 qua
175 1161 375 1212 accessurus
397 1153 490 1212 esset
513 1143 763 1229 Metapontum,
788 1145 979 1222 constituit,
999 1145 1182 1232 literaeque

77 1247 124 1314 ad
139 1248 307 1334 principes
319 1247 422 1326 dedit,
434 1268 512 1333 quaa
522 1247 564 1314 ad
578 1248 806 1313 Hannibalem
818 1248 942 1315 delatae
953 1256 1042 1314 sunt
1070 1248 1183 1314 Enim·

76 1371 163 1416 vero
176 1350 277 1416 letus
292 1369 449 1416 successu
465 1349 604 1426 fraudis,
628 1351 659 1416 si
682 1369 723 1414 ne
743 1349 873 1414 Fabius
889 1350 1025 1434 quidem
1039 1350 1119 1417 dulc
1132 1352 1183 1416 in·

76 1455 195 1519 victus
211 1453 367 1530 suisset‚¹⁵
381 1451 471 1519 haud
483 1453 603 1540 procul
619 1451 816 1537 Metaponto
826 1452 969 1518 insidias
979 1455 1085 1537 ponit
1116 1453 1183 1518 Fu·
1298 1520 1302 1526 ,

76 1557 140 1623 bio
156 1555 344 1639 auspicanti
359 1557 461 1638 prius,
483 1576 585 1640 qnam
609 1556 815 1641 egrederetur
843 1556 887 1620 ab
913 1556 1075 1632 Tarento,
1100 1575 1184 1622 aves

77 1657 189 1724 mmai
202 1663 302 1741 alque
321 1657 441 1722 iterum
457 1677 525 1723 non
539 1658 750 1723 addixerunt.
795 1657 920 1723 Hostia
934 1677 1068 1742 quoque
1087 1677 1183 1726 caesa

78 1759 272 1826 consulenti
289 1760 384 1825 Deos
402 1759 586 1844 haruspex,
609 1759 795 1826 carendum
822 1779 844 1824 a
865 1759 984 1825 fraude
1010 1759 1126 1826 hostili
1148 1768 1185 1826 et

78 1861 126 1926 ab
141 1861 283 1941 insidiis,
296 1862 466 1948 praedixit.
510 1861 748 1946 Metapontini,
765 1867 950 1946 postquam
965 1859 1009 1926 ad
1023 1863 1185 1928 constitu·

77 1969 152 2030 tam
167 1984 234 2030 nou
248 1975 388 2032 venerat
403 1966 504 2044 diem,
519 1964 661 2044 remissi,
677 1969 714 2029 nt
733 1969 945 2029 cunctantem
965 1963 1184 2043 hortarentur,

78 2065 255 2151 repenle¹⁶
280 2067 524 2152 comprehensi,
549 2072 637 2133 metu
665 2067 831 2150 gravioris
858 2066 1065 2149 quaestionis,
1091 2067 1180 2134 dete·
1217 2137 1221 2144 ,

77 2177 164 2253 gunt
179 2169 330 2236 insidias.

123 2272 179 2339 17.
202 2273 346 2340 AEstutis
360 2272 432 2358 ejus
441 2271 616 2356 principio,
632 2270 783 2355 quahaec
794 2271 991 2355 agebantur,
1008 2270 1050 2336 Ρ.
1064 2272 1182 2358 Scipio

77 2373 114 2438 in
134 2375 305 2460 Hispania
319 2395 393 2440 cum
407 2375 561 2460 hyemem
576 2381 680 2440 totam
696 2375 956 2441 reconciliandis
968 2375 1182 2441 harbarorum

79 2477 217 2554 animis,
227 2479 343 2562 partim
358 2477 468 2554 donis,
484 2478 608 2563 partim
622 2479 818 2544 remissione
829 2485 855 2528 ¹⁷
867 2477 1185 2563 ohsidumcaptiuo-

78 2599 238 2665 rumque,
250 2580 493 2663 absumsisset;
506 2579 639 2647 Edesco
650 2579 675 2620 ¹⁸
697 2579 1184 2660 adeom,1²clarueintcrduces

79 2682 277 2767 Hispanos,
292 2684 397 2751 venit.
442 2683 545 2749 Erant
560 2684 700 2769 conjux·
712 2684 877 2768 liberique
892 2683 967 2768 ejus
990 2683 1081 2767 apud
1107 2682 1183 2749 Rc·

78 2804 215 2852 manos.
259 2786 327 2851 Sed
341 2792 461 2871 praeter
475 2806 551 2853 eam
566 2806 706 2853 oausam
730 2788 833 2853 etium
848 2787 942 2852 velut
969 2784 1106 2851 innuite
1131 2786 1181 2851 in·

80 2888 223 2955 clinatio
240 2890 434 2968 animorum,
457 2908 534 2973 quae
560 2888 763 2973 Hispaniam
788 2908 921 2954 omnem
947 2897 1115 2954 averterat
1137 2888 1183 2955 ad

80 2990 277 3057 Romanum
303 3010 325 3055 a
349 2990 482 3056 Punico
508 2990 660 3075 imperio,
676 2992 780 3057 traxit
804 3010 893 3056 enm.
936 2990 1063 3055 Eadem
1079 3011 1183 3056 causa

79 3092 224 3159 Indibili
239 3092 515 3177 Mandonioqnei
534 3092 611 3171 fuit,
631 3092 722 3157 haud
745 3092 845 3157 dubie
867 3092 976 3157 omnis
1000 3091 1183 3177 Hispania

80 3194 305 3281 principibus,
319 3215 397 3261 cum
412 3192 500 3261 omni
515 3195 724 3279 popularium
746 3214 860 3274 mann,
883 3195 1006 3261 relicto
1029 3195 1184 3261 Hasdru·

81 3296 174 3379 hale,
190 3296 370 3363 secedendi
395 3299 431 3363 in
447 3296 658 3362 imminentes
682 3298 800 3363 castris
822 3296 895 3382 ejus
919 3297 1077 3377 tumulos,
1092 3296 1182 3363 unde

82 3420 147 3487 per
161 3400 369 3466 continentia
378 3400 485 3486 jugat
506 3402 599 3464 tutus
626 3405 779 3485 receptus
805 3397 849 3465 ad
876 3400 1054 3467 Romanus
1082 3408 1183 3469 esset.

115 3528 947 3652 ‹eemqemeeaeomenmmpmagaae
1039 3616 1042 3623 -

543 3730 727 3753 W

83 3830 172 3885 Cres?
185 3832 226 3882 eu
279 3863 287 3879 ·
317 3831 741 3885 viellermus-tromeda
752 3832 818 3883 Edd.
831 3831 913 3882 anti·
940 3830 1184 3885 anroenitate.

83 3901 150 3949 -lt
169 3896 201 3947 ln
255 3896 280 3947 d.
294 3904 356 3948 ante
372 3897 454 3950 (lton.
470 3902 604 3949 erret-lh
621 3898 684 3949 Put.
706 3897 772 3962 lter.
790 3898 865 3949 Meo.
884 3846 961 3947 More.
979 3898 1141 3959 intuertur,
1155 3912 1184 3947 er

83 3968 319 4078 “mit-tabu
338 4026 533 4079 rodselmarum
551 4028 693 4079 editionum
711 4028 799 4088 lapsus
811 4034 861 4078 ert.
894 4024 958 4078 Alte
973 4034 1003 4077 et
1017 4027 1082 4076 Mes.
1099 4040 1184 4075 m

82 4092 160 4155 tiore,
182 4091 252 4156 quod
270 4094 443 4142 revocandum
463 4091 544 4143 duri!
558 4093 614 4145 duc.
628 4094 769 4143 crea-re
785 4090 843 4142 ‘ct
857 4090 949 4155 Polyb·
961 4104 989 4141 x.
1012 4095 1052 4141 st.
1066 4094 1108 4140 tr.
1138 4104 1183 4154 qut

84 4156 309 4216 Edereonem‚rhr
326 4156 456 4209 'macer
465 4157 592 4222 δυνάστην,
604 4164 755 4210 constanter
763 4156 882 4207 'stertire
899 4155 1031 4222 appellet?
1048 4156 1182 4220 Repert-

580 4302 688 4355 Nom

116 4402 351 4469 efflandae]
368 4402 482 4469 Polybio
492 4412 533 4455 aet
546 4402 613 4454 lide·
685 4400 813 4529 tlsdttdr'
833 4397 1020 4465 Mandonioque]
1039 4398 1182 4465 llergeturn

90 4496 129 4533 re.
654 4478 828 4543 repulerant.
