3259 5225
378 489 467 560 2178
846 509 880 557 r.
903 507 999 556 urvrr

377 651 608 731 abscessisset,
628 652 807 738 ¹externplo
843 650 1041 718 dederentur
1068 649 1245 737 (lampadi.
1285 649 1470 722 Numidam

377 761 547 841 promtum
570 754 614 820 ad
636 755 749 820 omnia
771 753 925 820 audenda
946 754 1044 820 donis
1069 755 1209 840 pellicit,
1227 763 1276 836 ut,
1290 757 1395 823 literis
1410 777 1467 824 ac·

376 860 497 944 ceptis,
513 859 625 942 specie
643 857 824 940 transfugas
844 864 956 923 castra
980 857 1134 924 Romana
1158 859 1342 941 ingressus,
1365 860 1470 926 altera

376 969 473 1047 parte
486 959 640 1044 capuan
655 962 741 1026 clam
754 959 932 1044 pervadet.
975 959 1097 1026 Literas
1110 965 1223 1026 autem
1239 969 1336 1026 erant
1348 961 1470 1026 adhor-

374 1065 501 1130 tatione
526 1064 645 1148 pleuae.
689 1062 955 1128 ‘Profectionem
981 1081 1089 1142 snum,
1116 1083 1191 1147 quse
1218 1063 1374 1129 salutaris
1399 1063 1470 1130 illis

374 1167 472 1246 soret,
487 1168 730 1234 abstracturam
745 1165 790 1231 ad
802 1166 1040 1232 defendendam
1054 1167 1200 1234 Romam
1215 1167 1259 1232 ab
1274 1185 1471 1250 oppugnan-

374 1268 419 1334 da
431 1268 552 1354 Capua
562 1269 666 1338 ducas
681 1276 784 1354 atque
798 1269 968 1335 exercitus
984 1268 1171 1335 Romanos.
1214 1267 1269 1335 Ne
1284 1268 1471 1353 desponde·

373 1379 445 1437 seut
458 1375 606 1438 animos:
628 1373 803 1438 tolerando
819 1391 948 1456 paucos
963 1371 1036 1437 dies
1058 1379 1164 1438 totam
1188 1371 1358 1438 soluturos
1378 1371 1470 1436 obsi·

375 1473 531 1542 dionem?
574 1473 660 1540 Inda
683 1493 787 1540 nares
809 1475 845 1538 in
866 1475 1002 1540 flumine
1020 1474 1187 1541 Vulturno
1211 1473 1468 1558 comprehensas

373 1579 485 1662 subigi
500 1580 543 1644 ad
557 1579 633 1659 id,¹⁹
654 1577 744 1664 quod
761 1577 836 1663 jam
852 1584 929 1644 anta
946 1577 1095 1662 praesidii
1112 1597 1218 1644 causa
1236 1577 1377 1655 lecerat,
1392 1595 1469 1642 ous-

373 1681 510 1746 tellnm·
524 1681 638 1766 jussit.
682 1680 834 1761 Quarum
857 1682 916 1746 ubi
941 1687 1066 1748 tantm
1089 1683 1224 1766 copiam
1250 1699 1338 1759 csse,
1353 1682 1390 1743 ut
1403 1697 1469 1748 uns

372 1789 470 1849 nocte
492 1785 603 1870 trajici
626 1790 745 1869 posset
767 1786 948 1864 exercitus,
968 1786 1107 1852 allatum
1127 1790 1187 1863 est,
1201 1783 1337 1850 cibariis
1350 1782 1468 1846 decem

373 1883 502 1952 dierum
527 1888 744 1971 praeparatis,
768 1889 933 1954 deductas
958 1894 1056 1954 nocte
1082 1886 1125 1954 ad
1155 1885 1293 1953 durium
1321 1884 1467 1969 legiones

371 1995 452 2052 ante
464 1988 575 2054 lucem
590 1989 734 2074 trajecit.

413 2087 447 2154 8.
470 2089 513 2155 ld
524 2092 616 2175 prius
625 2111 727 2176 quarn
740 2091 847 2170 lieret,
856 2093 906 2158 ita
919 2091 1063 2158 futurum
1078 2099 1283 2178 compertum
1296 2111 1342 2156 ex
1356 2095 1466 2154 trans-

371 2189 472 2273 fugis,
497 2191 638 2258 Fuluius
662 2193 811 2259 Flaccus
837 2195 967 2258 senatui
993 2194 1137 2260 Romam
1164 2215 1240 2261 cum
1262 2192 1465 2276 scripsisset,

370 2295 461 2359 varie
484 2295 653 2361 bominum
677 2297 778 2361 animi
802 2293 865 2381 p'ro
891 2296 1054 2384 cujusque
1083 2298 1215 2382 iugenio
1240 2295 1352 2362 affecti
1376 2299 1466 2360 sunt.

370 2393 420 2460 Ut
434 2397 468 2460 in
482 2417 518 2462 re
532 2404 598 2463 tam
615 2397 757 2482 trepida,
768 2403 883 2464 senatu
894 2401 1066 2484 extemplo
1078 2407 1210 2480 vocate,
1225 2399 1267 2464 P.
1277 2395 1464 2474 Cornelius,

369 2498 424 2561 cui
440 2496 558 2566 Asius)
578 2519 760 2583 cognomen
778 2497 874 2580 erat,f
893 2519 1008 2567 ornnes
1031 2503 1137 2568 duces
1163 2502 1395 2585 exercitusque
1418 2518 1464 2563 ex

369 2604 445 2665 tota
458 2599 573 2684 Italia,
586 2622 694 2689 neque
710 2602 855 2689 Capuae,
869 2623 977 2690 nsque
992 2607 1091 2673 ullius
1106 2607 1245 2674 alterius
1260 2605 1309 2671 rei
1322 2621 1462 2680 memor,

822 2754 1002 2777 ΜΙΜΟΟΝΝ

368 2831 411 2883 ΑΙ.
426 2838 468 2884 mrt
485 2834 585 2886 alterans
602 2851 633 2885 ss
648 2836 697 2896 iis,·
712 2837 789 2901 qaa’si
807 2838 1017 2890 diuisissent-18
1039 2840 1076 2889 Es
1090 2840 1162 2891 dalet
1177 2840 1321 2893 crea-19
1340 2840 1384 2890 Sic
1394 2838 1462 2892 M.

367 2899 451 2949 Gran.
472 2900 542 2951 ‘cul
560 2902 672 2952 dabatur
692 2918 796 2967 quoqu
818 2906 1010 2967 elegantissima
1030 2906 1106 2969 lrujrrs
1127 2906 1207 2969 ipsius
1226 2908 1277 2957 loci
1299 2906 1464 2968 emendatio;

366 2978 426 3013 nam
465 2977 492 3014 ro
509 2966 589 3029 rablai
599 2969 630 3017 ad
644 2970 671 3018 s'd
690 2975 813 3032 corrupte
834 2970 894 3019 aliur
910 2970 1056 3035 legebatur,
1072 2970 1126 3021 dari
1134 2969 1235 3035 gladio!
1251 2972 1376 3037 licerius.
1392 2966 1462 3021 Vide

336 3079 340 3088 ,
367 3028 429 3081 Not.
463 3043 501 3078 ar.

861 3097 971 3150 Nom

397 3198 410 3225 ⁸
425 3189 553 3251 W&
563 3191 599 3255 fl,
612 3192 895 3259 minantemsi-
933 3199 1002 3262 qnod
1013 3198 1118 3265 Galatia
1128 3199 1160 3248 sd
1172 3199 1328 3249 Vulturnum
1341 3212 1394 3249 nou
1404 3196 1460 3249 ius·

363 3266 587 3331 &mmm
598 3269 730 3335 Mum]
747 3271 779 3321 1¹¹
787 3272 894 3335 mimis
933 3280 976 3329 rit.
1004 3280 1082 3330 Lars.
1093 3280 1168 3329 Valla
1183 3294 1235 3329 uon
1251 3280 1318 3329 male
1331 3292 1364 3329 cx
1377 3279 1461 3343 gladia

327 3406 333 3419 .
364 3340 826 3411 fereomnlbmssbmiflfim‘u
838 3348 894 3399 Μ·
931 3355 1037 3409 sscitsd
1054 3358 1089 3421 id,
1103 3355 1463 3421 planossusrrstlssimuta·

363 3424 434 3469 *Ν
443 3420 895 3488 ΜΡΝΜΝΜΜΟΜῙῼ
932 3432 1022 3495 tisun
1043 3440 1074 3483 ut
1087 3437 1157 3483 assat
1171 3446 1243 3483 sauss
1257 3432 1314 3483 dari
1326 3434 1358 3482 al
1370 3434 1397 3483 td
1407 3447 1460 3483 sss·

362 3500 420 3545 ‘⁸⁸‘
436 3497 546 3559 Wffl
561 3512 634 3547 Ν
647 3496 742 3559 smmi
759 3503 892 3568 wellam,
931 3510 1023 3575 ullsss,
1038 3510 1079 3572 &a
1097 3522 1182 3573 usque
1201 3508 1270 3559 cuim
1293 3506 1459 3572 quassandum

356 3572 443 3633 lussit.
484 3573 553 3625 lllud
570 3577 652 3637 gladio
672 3578 734 3645 qnid
751 3579 800 3630 sibi
820 3582 892 3648 relit,
931 3599 1023 3636 nomeu
1033 3586 1133 3636 castelli
1144 3584 1171 3635 ln
1180 3591 1281 3649 tempus
1289 3586 1416 3635 exstructi
1427 3586 1461 3636 ad

361 3662 439 3698 nemu
449 3646 533 3701 adbuc
545 3651 717 3717 interpretum
732 3656 833 3721 marqui
846 3673 891 3722 pu·
931 3675 1003 3710 usum
1020 3661 1091 3712 balli.
1124 3658 1160 3710 Ar
1175 3659 1258 3711 Grou.
1276 3674 1335 3709 cum
1352 3661 1380 3710 in
1398 3660 1461 3713 rut.

362 3726 422 3776 tuit.
433 3725 525 3777 Codex
534 3728 892 3794 blogustiuuacasiliasrsls·
930 3738 1055 3800 scrlptum
1070 3736 1219 3799 insanisset,
1232 3736 1273 3787 sbi
1289 3736 1371 3799 gladia
1390 3739 1461 3805 qaod,

361 3802 411 3867 git,
420 3803 489 3869 quod
500 3805 549 3854 boe
556 3806 680 3869 oppidum
690 3808 724 3858 ad
733 3810 891 3862 Vulturnum
933 3812 993 3864 luds
1005 3812 1261 3875 divinaritsrrbieisd
1276 3813 1303 3864 id
1316 3816 1378 3878 qaod
1394 3822 1460 3874 sate,

360 3876 456 3930 flumas
467 3881 502 3932 sit
512 3896 520 3929 s
534 3882 562 3932 ld
573 3883 706 3935 Glsrsauo
715 3886 783 3936 baad
793 3888 890 3952 placet,
929 3892 971 3955 trs.
992 3891 1027 3941 Et
1037 3904 1098 3940 saus
1109 3890 1245 3954 subigendi
1255 3891 1364 3942 serbusr
1374 3892 1460 3959 Virgi-

360 3956 568 4025 qusndoquidem
578 3960 603 4008 in
617 3960 789 4013 Romanarum
802 3972 889 4029 potas·
928 3968 964 4018 lio
979 3968 1087 4035 aliisque
1103 3970 1237 4035 usitatum,
1247 3969 1274 4019 in
1289 3970 1397 4035 usrigiis
1413 3970 1460 4021 ad·

360 4040 418 4085 tata
429 4035 570 4091 casilinum
585 4045 682 4103 erata
699 4038 732 4092 Q·
747 4040 829 4091 Fabio
843 4058 890 4093 uu·
930 4043 1115 4096 versofluminc
1128 4045 1324 4110 promovendis3
1336 4046 1459 4099 utet'l'a·

361 4123 409 4173 per
420 4119 565 4175 receptam.
586 4112 681 4179 Itaque
692 4116 817 4168 Galaticae
827 4120 889 4184 quin
929 4120 982 4173 cito
993 4120 1152 4173 subrahendi
1164 4121 1280 4179 verbum,
1292 4123 1335 4173 ubi
1349 4123 1459 4175 Germa·

359 4184 525 4237 scribendum
533 4189 568 4239 sit
578 4190 652 4240 (llar-
660 4206 711 4242 nos
721 4191 834 4247 dubitat.
854 4198 889 4248 Et
928 4197 1014 4247 uicum
1026 4212 1058 4248 cs
1072 4200 1098 4248 in
1110 4213 1138 4248 ro
1150 4212 1269 4261 peccasse
1280 4200 1400 4265 arguitio
1411 4200 1458 4251 ad·

359 4274 467 4311 scrosx
482 4272 568 4315 uestro
585 4268 662 4329 paulo
673 4277 745 4333 aute,
757 4271 887 4324 Hannibal
928 4272 1056 4323 ducendis
1076 4274 1102 4323 in
1124 4274 1242 4325 Caucbm
1265 4290 1312 4339 per
1330 4274 1456 4328 Amisiam

360 4337 475 4402 Capuam
492 4336 632 4392 adveniens
648 4344 779 4397 Galatiam
794 4352 888 4401 castel·
927 4348 1018 4415 copiis,
1034 4356 1041 4379 ¹
1055 4350 1123 4417 quud
1140 4354 1190 4401 riou
1206 4350 1345 4417 subrexit,'
1361 4354 1388 4403 ld
1405 4362 1457 4421 est,

358 4414 414 4463 lam
429 4422 546 4479 caperat.
578 4417 713 4483 Improbat
728 4436 782 4473 uun
797 4424 887 4477 imme·
927 4427 996 4493 quod
1013 4442 1064 4479 usu
1080 4430 1190 4481 ulterius
1205 4444 1249 4482 cas
1266 4432 1293 4483 in
1308 4429 1404 4483 dumsn
1418 4433 1457 4483 lu·

362 4490 414 4543 rito
435 4490 560 4543 Glarssui
587 4496 776 4550 correctionem
797 4501 885 4566 Sigon.
922 4502 1053 4557 duxisset.
