3259 5225
375 477 463 544 mac
846 493 880 540 r.
904 492 997 540 nrvrr

376 637 521 704 Etruriae
541 635 724 704 detectione
745 637 818 704 luit.
861 636 1066 722 Principium
1084 635 1160 721 ejus
1183 636 1229 702 rei
1247 635 1292 702 ab
1305 633 1469 702 Arretinis

375 741 457 819 lieri,
485 741 523 807 0.
552 740 752 826 Calpurnius
778 742 970 825 scripserat,
1000 741 1059 823 qni
1078 759 1154 804 eam
1178 741 1386 824 provinciam
1408 758 1469 823 pro

375 853 518 929 praetore
531 851 558 893 ¹4
578 845 759 912 obtinebat.
805 843 928 927 Itaque
947 842 1123 908 confestim
1133 849 1158 890 ¹⁵
1179 863 1222 908 eo
1236 843 1362 908 missus
1378 841 1468 906 Mar·

375 947 491 1019 cellos,
511 947 628 1012 consul
650 948 856 1030 designatus,
877 947 1023 1029 quirem
1043 945 1236 1029 inspiceret,
1252 965 1306 1022 ac,
1325 945 1355 1008 si
1370 942 1471 1028 digna

376 1051 555 1129 videretur,
572 1050 720 1114 exercitu
742 1049 865 1126 accito,
890 1048 1015 1112 bellum
1034 1067 1080 1111 ex
1095 1045 1223 1132 Apulia
1244 1047 1277 1110 in
1305 1045 1469 1112 Etruriam

375 1150 572 1218 transferret.
618 1149 668 1214 lio
682 1159 774 1214 metu
793 1151 980 1233 compressi
1003 1149 1136 1215 Etrusci
1156 1153 1361 1233 quievemnt.
1402 1149 1470 1214 Ta·

265 1261 268 1268 “
376 1255 577 1318 rentinomm
591 1252 713 1335 legatis
728 1271 847 1336 puceu
862 1253 1055 1335 petentibus
1077 1272 1153 1317 curn
1167 1252 1319 1316 libertate
1334 1270 1376 1316 ac
1390 1252 1470 1335 legi·

376 1357 441 1420 bus
453 1357 523 1420 suis
538 1373 735 1440 responsum
750 1355 928 1419 absentatu
943 1365 1005 1434 est,
1024 1366 1064 1419 ut
1077 1355 1234 1433 redirent,
1248 1373 1327 1419 cum
1343 1354 1471 1420 Fabius

285 1493 288 1500 ·
376 1459 494 1524 consul
510 1456 653 1523 Romam
673 1458 833 1522 venisset.
876 1457 967 1522 Ludi
989 1465 1024 1524 et
1047 1458 1196 1523 Romani
1209 1464 1243 1523 et
1260 1458 1407 1542 plebeii¹
1421 1477 1470 1522 eo

376 1581 463 1627 anno
476 1561 511 1625 in
527 1561 679 1643 singulos
690 1559 715 1600 ¹⁶
736 1560 835 1625 diost
856 1561 1041 1625 instaurati.
1086 1561 1218 1625 AEdiles
1232 1561 1363 1626 cumles
1377 1559 1472 1625 tuere

375 1663 416 1728 L
432 1661 611 1728 Comelins
627 1661 801 1728 Caudinus
814 1670 849 1727 et
862 1661 934 1727 Ser·
950 1661 1122 1746 Sulpicius
1138 1661 1266 1728 Galba:
1289 1661 1414 1746 plebeii
1429 1660 1471 1728 0.

375 1765 538 1832 Servilius
550 1772 584 1831 et
597 1763 642 1843 Q.
657 1763 817 1829 Caecilius
833 1761 1006 1830 Metellus.
1028 1764 1208 1830 Servilium
1218 1768 1385 1849 negabant
1394 1765 1472 1850 jure

374 1875 434 1934 aut
448 1869 617 1934 tribunum
633 1867 741 1950 plebis
760 1866 879 1943 tuisse,
894 1871 953 1931 aut
969 1867 1104 1931 aedilem
1118 1887 1217 1950 esse;
1240 1867 1330 1952 quod
1346 1875 1471 1952 patrem

375 1972 462 2054 ejus,
485 1989 584 2053 quem
604 1969 811 2035 triumvirum
834 1969 1023 2051 agrarium*
1045 1969 1195 2035 occisum
1220 1970 1357 2035 chiis
1380 1972 1473 2036 circa

376 2072 545 2138 Mutinam
562 2091 639 2137 esse
651 2071 767 2156 opinio
781 2091 842 2155 per
856 2071 974 2136 decem
989 2090 1097 2137 annos
1113 2071 1236 2150 tuerat,
1249 2075 1359 2139 virere
1371 2081 1473 2158 atque

375 2177 409 2240 in
423 2175 570 2240 bostium
586 2179 750 2258 potestate
765 2181 870 2238 asset
891 2175 977 2239 satis
992 2176 1185 2242 constabat.

418 2277 473 2342 22.
495 2277 683 2343 Undecimo
699 2295 785 2340 anno
804 2276 927 2341 Punici
941 2276 1022 2342 belli
1036 2279 1245 2344 consulatum
1266 2280 1409 2345 inierunt
1419 2279 1471 2344 Μ.

376 2379 560 2444 Marcellus
583 2379 731 2464 quintum
754 2380 806 2454 (ut
828 2386 1019 2444 numeretur
1039 2380 1255 2458 consulatus,·'
1276 2402 1376 2467 quem
1389 2383 1474 2460 vitio

375 2488 508 2547 creatus
531 2501 597 2546 nou
629 2481 748 2566 gessit)
771 2491 807 2546 et
827 2482 870 2547 Τ.
891 2479 1051 2560 Quintius
1073 2481 1259 2568 Crispinus.
1312 2484 1474 2570 Utrisque

376 2585 571 2652 consulibus
582 2593 608 2637 ¹⁷
631 2585 734 2653 Itulia
748 2586 885 2651 decreta
899 2585 1097 2671 prouincia¹
1111 2593 1175 2667 est,
1188 2595 1222 2653 et
1235 2587 1303 2654 duo
1317 2587 1472 2655 consula-

406 2765 421 2799 t
438 2756 488 2805 Per
498 2771 569 2806 caum
579 2755 643 2805 diem
653 2754 752 2818 sigua.

407 2820 421 2854 ⁸
440 2821 542 2870 Unam
553 2820 689 2870 triumviris
705 2822 737 2869 ud
750 2820 888 2871 dividendos
899 2820 987 2872 atat·
996 2822 1023 2871 ia
1035 2822 1141 2874 Gutus
1152 2821 1298 2886 Cisalpinam
1306 2821 1473 2887 niniam

407 2884 896 2951 ‘Siquisuaaameretcancmmlnm
905 2888 948 2950 ξε.
1130 2882 1135 2893 ’

836 3030 1021 3057 uomuneo

377 3130 519 3191 Flaminius,
537 3130 580 3181 elii
599 3130 757 3195 Flaminiam,
769 3130 907 3196 legendnm
919 3147 978 3182 erne
989 3131 1153 3182 contendunt
1167 3153 1176 3197 ;
1190 3133 1242 3183 rid.
1260 3134 1423 3198 luterpretes
1438 3134 1472 3185 nd

375 3198 400 3247 b.
412 3198 429 3246 l.
439 3205 466 3246 et
478 3196 556 3259 Pigh.
566 3194 661 3246 Annnl.
677 3198 709 3246 cd
722 3210 783 3246 ann.
804 3210 916 3246 nxxxr.
936 3211 961 3260 p.
972 3197 1038 3248 itt-⁹
1054 3199 1174 3261 Decrius.
1190 3198 1250 3248 l'id.
1266 3200 1331 3251 Not.
1345 3201 1472 3250 Van-tt

375 3264 458 3311 Grou.
472 3261 579 3325 Donjnt.
596 3261 673 3311 Crer-
685 3266 819 3325 propretor
828 3261 958 3325 obtinebat,
975 3272 1005 3313 nt
1015 3264 1041 3312 in
1053 3265 1134 3327 antiq.
1144 3266 1206 3314 tect.
1233 3264 1241 3292 ‘
1252 3265 1328 3316 Voss.
1341 3280 1388 3328 por
1398 3274 1473 3316 norm

371 3338 428 3421 ff·
447 3343 554 3413 prlmnm
569 3342 844 3399 inconsummatum
861 3344 888 3394 iu
905 3344 1020 3408 margine
1035 3344 1153 3394 additum
1161 3350 1264 3409 more.
1289 3345 1359 3395 (iud.
1368 3360 1473 3411 prm·

375 3423 443 3476 tora’
458 3424 485 3476 J.
498 3423 528 3474 1³.
536 3422 683 3472 tiron—ld
701 3422 796 3486 ‘Atque
805 3424 939 3484 conseatur,
950 3424 1101 3488 Cantabrig.
1135 3424 1240 3488 Reputo
1249 3431 1335 3475 utrum
1348 3440 1396 3488 pro
1406 3428 1470 3475 scri·

376 3491 417 3540 bae
434 3488 546 3539 ludibrio
565 3486 721 3553 babendum,
742 3501 774 3537 nn
795 3489 976 3552 apponendum
992 3491 1042 3539 illia
1059 3504 1117 3554 qun
1136 3498 1227 3540 notatu
1247 3499 1308 3539 sunt
1325 3503 1404 3541 xxm.
1421 3490 1472 3542 m:

374 3557 431 3607 duc.
445 3554 587 3603 (ἕνη-16
604 3552 718 3617 Corrigit
730 3552 822 3617 Sigon.
833 3554 965 3604 omission.
973 3555 1018 3603 roi
1028 3556 1054 3604 is
1064 3562 1125 3605 unte
1135 3554 1242 3617 angues
1253 3556 1334 3619 antiq.
1347 3558 1410 3607 lect.

410 3623 440 3671 17
457 3625 465 3648 ‘
480 3617 581 3682 Utrique
596 3619 715 3669 masalma
733 3618 807 3669 dedit
826 3618 942 3668 Rbensn.
960 3634 1035 3685 qnam
1054 3620 1139 3671 secuti
1156 3627 1218 3669 sont
1233 3621 1316 3671 Gron.
1334 3628 1363 3671 et
1383 3620 1469 3672 cres?

872 3749 980 3802 NOTAE

376 3846 423 3897 tris
442 3860 491 3896 vox
512 3846 621 3905 snm,
640 3846 686 3896 aad
707 3861 767 3911 cup.
787 3846 908 3911 proximo
943 3852 1044 3898 tautum
1056 3849 1107 3899 die.

375 3923 436 3973 truie
459 3924 493 3981 Q.
517 3924 617 3974 Gladio
637 3924 741 3974 udditnr
762 3936 907 3987 cognomen
975 3925 1028 3975 ris
1038 3924 1333 3989 mahumetanam]
1350 3924 1411 3974 Non
1422 3925 1474 3975 ita·

376 3999 511 4051 Ftnnim'o:
527 4000 614 4050 malim
633 4005 732 4063 tamen,
748 3998 864 4063 flumini,
877 4005 908 4049 ut
942 4014 994 4065 que
1005 4000 1278 4066 interjurtscomoltas
1289 4001 1429 4051 constabat
1443 3999 1474 4049 d·

376 4076 411 4127 sit
432 4090 558 4139 agnomen
577 4091 611 4126 ex
626 4077 750 4141 praereutl
765 4076 904 4141 dignitate,
944 4078 1007 4127 lium
1024 4077 1190 4144 mpttrt(qut
1204 4091 1294 4127 terrm
1312 4077 1475 4129 euetbmti·

375 4167 426 4203 non
437 4167 578 4219 cognomen
590 4153 701 4205 tamilla.
944 4154 1001 4219 aar)
1020 4169 1068 4220 pro
1085 4155 1167 4204 libero
1183 4156 1242 4205 cire
1257 4154 1361 4205 iuterim
1377 4154 1474 4205 buben·

408 4236 421 4263 ¹
437 4230 502 4280 Ludi
515 4235 540 4280 et
555 4231 660 4281 Romani
677 4235 701 4280 et
716 4229 811 4294 plebeii]
834 4230 905 4283 Quo·
944 4231 1273 4287 dnm‚nntcertebonoree
1287 4244 1474 4295 gercmpome.

376 4320 433 4357 rum
455 4308 492 4357 illl
510 4307 544 4357 ub
563 4308 682 4359 mdllibur
700 4308 852 4369 curullbnr;
876 4308 904 4358 bi
976 4309 1077 4360 ¹ltalia
1097 4310 1192 4359 demeto
1208 4308 1344 4374 prouincia]
1365 4310 1474 4359 Protin·

376 4383 410 4433 ab
433 4382 550 4437 edillbns
566 4384 677 4449 plebeilr
698 4385 827 4438 celebrati
848 4399 901 4437 uno
941 4384 990 4438 cie
1012 4384 1118 4451 proprie
1139 4390 1215 4437 cutm
1233 4384 1347 4437 ltaliam.
1374 4384 1473 4436 Verum
