3259 5225
339 524 430 593 2152
810 540 846 588 r.
869 541 967 590 mvn

342 685 453 753 cuivis
467 685 577 751 lacere
592 688 714 771 potest,
723 681 808 750 mibi
823 682 889 750 lroo
903 682 1137 769 imperium,nt
1150 684 1299 769 emplum
1307 682 1444 769 jndicio

288 840 292 851 .
341 794 468 868 restro,
483 788 532 855 ita
545 808 582 855 re
595 789 673 873 ipsa
684 806 785 871 grave
800 808 841 853 ao
853 787 1022 855 solicitum
1035 806 1125 854 esse.
1161 785 1241 866 ero
1256 788 1345 853 enim
1356 795 1442 853 tem·

339 912 434 979 pore,
447 894 517 958 uisi
541 894 648 957 motus
671 910 851 958 moerorem
864 891 1147 975 obstupefaceret,
1160 891 1222 958 rix
1236 892 1286 958 its
1296 910 1441 976 compos

340 996 407 1061 mei
421 996 541 1069 essem,
556 1001 595 1059 ut
609 992 732 1076 aliqua·
741 992 868 1059 solatia
879 992 1032 1059 invenire
1044 1012 1136 1076 oegro
1149 994 1264 1059 auimo
1279 1013 1417 1079 possem
1429 1015 1441 1076 3

341 1116 446 1181 cogor
468 1103 614 1163 vestram
632 1095 782 1161 omnium
803 1096 914 1163 vicem
926 1094 1034 1182 (quod
1049 1095 1280 1162 difficillimum
1296 1098 1330 1161 iu
1345 1096 1442 1161 luctu

341 1196 508 1286 est)uuus
521 1197 714 1265 consulere:
725 1205 765 1249 Ν
778 1203 814 1264 ot
826 1217 870 1263 ne
884 1204 956 1262 tum
964 1197 1116 1282 quidem,
1128 1196 1196 1276 nbi,
1206 1216 1354 1282 quonam
1368 1218 1440 1263 mo-

341 1300 386 1373 do
413 1302 477 1367 bes
501 1301 665 1385 reliquias
690 1300 831 1365 duorum
860 1299 1072 1365 exercituum
1096 1299 1216 1383 patrias
1240 1318 1441 1366 conservare

340 1405 483 1489 possim,
498 1403 711 1486 cogitandum
725 1408 788 1481 ost,
804 1410 954 1468 evertere
972 1402 1118 1467 animum
1133 1403 1176 1467 ab
1194 1402 1334 1468 ussiduo
1354 1422 1440 1469 moe·

340 1525 414 1572 rore
429 1506 566 1573 libell?
611 1505 747 1572 Praesto
760 1512 814 1571 est
828 1505 917 1570 enim
931 1506 1055 1570 acerbe
1068 1505 1238 1583 memoria,
1256 1511 1293 1571 ot
1306 1504 1441 1589 Scipio·

339 1627 400 1673 uss
415 1630 469 1675 me
489 1611 589 1675 ombo
600 1609 675 1675 dies
689 1613 876 1692 noctesque
889 1607 981 1673 curis
1001 1607 1246 1692 insomniisque
1261 1607 1388 1691 agitant
1403 1614 1441 1673 ct

339 1712 489 1777 excitant
498 1730 591 1796 sepe
603 1729 741 1791 somuo;
756 1730 819 1776 neu
831 1729 879 1787 se,
892 1728 957 1774 neu
965 1708 1109 1775 invictos
1120 1728 1183 1793 per
1191 1718 1271 1775 octo
1279 1729 1388 1775 annos
1402 1712 1439 1776 in

338 1812 501 1879 historiis
516 1814 642 1879 milites
657 1832 750 1891 suos,
765 1811 1012 1878 commilitones
1024 1818 1166 1890 vestros,
1186 1832 1254 1878 neu
1269 1832 1339 1879 rem
1354 1816 1438 1897 pub·

338 1916 440 1981 licem
453 1916 565 1999 potiar
585 1915 737 1993 inultam,
746 1924 782 1980 et
795 1934 892 1989 suam
906 1914 1120 1999 disciplinam
1136 1934 1267 2001 suaque
1285 1917 1440 1983 instituta

341 2018 437 2101 aequi
449 2018 587 2101 jubsut3
610 2022 657 2095 et,
680 2024 720 2082 ut
743 2014 918 2100 imperiis⁶
939 2017 1092 2083 rivorum
1115 2036 1214 2082 nemo
1228 2017 1439 2083 obedientior

338 2138 393 2184 me
417 2138 484 2185 uno
508 2117 618 2195 luerit,
641 2121 692 2185 ita
716 2126 959 2203 postmortem
984 2138 1092 2198 suam,
1121 2118 1215 2204 qnod
1241 2138 1377 2206 quaque
1401 2122 1438 2185 in

338 2221 534 2287 refecturus
555 2208 753 2287 illos'luisse
778 2220 929 2287 maxime
947 2241 1112 2298 censeam,
1137 2221 1173 2287 id
1198 2222 1362 2306 optimum
1377 2222 1438 2288 du-

338 2342 425 2390 cere.
469 2322 544 2389 Vos
558 2324 817 2410 quoquevelim,
839 2325 975 2403 milites,
997 2345 1065 2390 uun
1087 2324 1248 2391 lamentis
1261 2325 1439 2410 lacrymis·

339 2447 404 2512 que
422 2430 584 2512 teuquom
605 2427 771 2493 adustos
791 2428 965 2512 prosequi,
978 2425 1114 2512 (rivum
1130 2428 1331 2513 vigentque⁷
1345 2428 1439 2494 lema

337 2548 445 2594 rerum
466 2532 663 2612 gestarum)
684 2525 758 2607 sed,
782 2528 1064 2615 quotiescumque
1091 2538 1248 2595 occurret
1276 2532 1443 2609 memorio¹

337 2631 480 2712 illorum,
502 2632 594 2698 velut
616 2633 647 2698 si
679 2631 895 2699 adhortantes
924 2633 1122 2718 signumque
1145 2634 1266 2699 dantes
1290 2632 1437 2698 uideatis

336 2753 409 2813 eos,
425 2736 474 2802 ito
487 2734 607 2819 praelia
620 2735 713 2800 inire.
757 2735 836 2802 Nec
850 2735 920 2800 elia
933 2733 1085 2820 prolecto
1109 2735 1255 2819 species,
1278 2733 1438 2801 bestemo

336 2837 391 2902 die
404 2838 514 2904 oculis
530 2837 718 2922 animisque
731 2838 851 2904 vestris
863 2837 992 2915 oblate,
1005 2838 1223 2903 memorabile
1237 2836 1322 2904 illud
1332 2837 1438 2903 edidit

336 2940 511 3024 praelium
549 2961 618 3024 quo
642 2940 880 3007 documentum
902 2940 1044 3006 dedistis
1069 2940 1239 3019 hostibus,
1262 2959 1331 3005 non
1358 2959 1437 3005 cum

337 3043 556 3127 Scipionibus
583 3042 769 3107 extinctum
793 3061 872 3108 esso
896 3061 1020 3108 nomeu
1039 3040 1247 3120 Romanum,
1271 3049 1320 3120 et,
1338 3041 1437 3125 cujus

335 3145 457 3228 populi
473 3144 526 3210 vis
541 3147 643 3228 etque
658 3143 765 3208 virtus
787 3162 855 3208 non
877 3143 999 3210 obruta
1012 3144 1057 3208 sit
1075 3142 1243 3210 Cannensi
1264 3144 1373 3223 eludo,
1389 3163 1436 3209 ex

336 3246 427 3310 omni
447 3244 598 3328 prolecto
624 3245 758 3311 sessilis
781 3245 927 3312 fortunus
949 3265 1152 3311 emersurum
1173 3246 1277 3312 esse.8
1323 3245 1436 3326 Nunc,

335 3347 416 3433 quio
438 3353 567 3412 tantum
591 3349 667 3414 ausi
682 3349 765 3414 estis
780 3355 901 3434 sponte
915 3355 1039 3428 vestra,
1059 3349 1207 3433 experiri
1220 3351 1316 3428 libet,
1329 3368 1434 3434 quau·

367 3519 383 3554 P
398 3513 499 3564 Necesse
510 3518 545 3564 eet
554 3518 582 3564 st
591 3515 655 3564 selu
664 3515 713 3566 loro
723 3515 829 3566 omnim
837 3522 943 3569 vestm
952 3517 1094 3584 prospiciam
1103 3514 1174 3566 sebee
1184 3515 1280 3566 maria.

785 3673 968 3696 ΜΗΜΟΙΟ

365 3776 382 3822 i
400 3772 444 3823 ΑΙ.
461 3777 590 3824 mmmm
606 3788 683 3826 error.
714 3774 777 3826 vid.
796 3777 861 3830 Not.
877 3777 992 3827 Var.-t
1007 3775 1016 3804 ⁴
1029 3776 1154 3826 curatori
1170 3773 1239 3825 Edd.
1254 3772 1359 3839 plurimi
1370 3780 1436 3826 suta

333 3835 417 3889 lirun.
428 3839 497 3903 quod
508 3853 542 3888 er
552 3839 592 3889 bis
602 3839 694 3905 quibus
706 3847 766 3892 utor
776 3843 887 3905 primurn
896 3842 924 3892 lu
932 3843 1029 3892 venet.
1041 3846 1114 3891 1501.
1126 3841 1238 3896 iurante,
1249 3840 1295 3889 red
1306 3840 1434 3904 putonm

334 3903 373 3952 ita
383 3901 482 3954 editum
493 3902 572 3954 tulare
584 3905 609 3954 ln
621 3906 716 3956 venet.
727 3909 800 3956 rrcr.
817 3908 937 3958 conelere
947 3908 972 3956 b.
983 3907 1001 3957 l.
1012 3907 1133 3956 absolute
1142 3907 1253 3970 positum
1266 3913 1318 3960 ert,
1329 3919 1377 3969 pro
1387 3905 1434 3955 da·

332 3967 454 4025 liberere,
465 3969 596 4018 consilium
605 3969 717 4033 cepere!
732 3971 874 4022 sont-s
892 3971 1005 4023 MalitJ.
1017 3972 1046 4021 Ρ.
1058 3971 1174 4021 Gronov.
1184 3971 1246 4026 lieet,
1256 3971 1348 4035 probb.
1363 3971 1433 4019 Doe-

332 4033 399 4096 ring.
409 4042 437 4084 et
449 4033 608 4098 Rupert-tl
622 4034 686 4086 Vld.
696 4035 761 4085 Not.
775 4035 886 4087 Van-t
902 4034 946 4087 ΑΙ.
956 4036 1039 4085 oiosat
1055 4037 1118 4085 eaiar
1128 4038 1310 4098 uigentque—8
1326 4035 1433 4084 ‘Ener-

330 4113 413 4148 eurarr
423 4099 522 4148 Terris.
533 4108 560 4149 er
572 4099 615 4150 nli.
627 4105 696 4154 vett,
705 4107 777 4149 certe
788 4101 895 4162 vulgate
907 4101 1020 4151 lectione
1031 4101 1145 4150 nonnilril
1158 4098 1286 4161 offendor,
1297 4101 1432 4164 magisque

332 4161 467 4214 Liuianum
477 4165 589 4231 ridetur,
600 4163 690 4218 addito
702 4169 855 4230 pronomine
865 4181 872 4215 ι
883 4166 1049 4217 maenti
1057 4165 1432 4231 panitiarierrmeroneeae.

827 4280 936 4332 Nouis

363 4371 476 4436 vitree]
500 4373 617 4424 Susdent
639 4375 777 4442 sequentia
798 4376 860 4426 seri·
900 4377 939 4428 ris
951 4377 1155 4444 repugnantibus
1165 4376 1247 4427 libris.

332 4447 444 4501 bendum
455 4451 520 4514 licet,
532 4459 559 4501 ut
571 4452 686 4504 Gronov.
696 4455 761 4510 ruit.
772 4468 860 4520 quam·
