3259 5225
481 544 554 593 ms.
577 541 722 591 xxvrrr.
745 540 827 591 cnr.
849 526 904 590 45.
1147 520 1235 588 2485

134 693 255 757 iterum
284 688 410 755 vallum
437 688 586 753 hostiurn
615 706 659 752 ex
689 686 859 751 moenibus
894 685 1020 751 nostris
1050 682 1236 751 videamus.

133 794 254 859 Africa
268 793 312 859 sit
326 790 446 877 reliqui
459 790 539 859 belli
559 789 679 855 sedes:
701 788 781 854 illuc
798 795 903 855 terror
916 788 1078 873 fugaque,
1092 788 1235 873 popula·

133 898 185 963 tio
200 880 368 979 agrorum,
379 892 527 963 ,delectio
542 894 723 972 sociorum,
738 897 857 958 ceterae
873 892 953 957 belli
965 892 1094 971 clades,
1109 911 1185 977 quse
1200 891 1237 955 in

134 1017 199 1064 nos
214 1017 273 1083 per
286 996 539 1083 quatuordecim
559 1015 664 1061 annos
687 996 894 1079 ingruerunt,
920 998 1101 1060 vertantur.
1145 994 1236 1073 Quae

136 1100 181 1167 ad
196 1119 266 1166 rem
278 1098 451 1185 publicam
462 1098 628 1184 pertinent
638 1103 672 1163 et
683 1098 820 1177 bellum,
833 1095 924 1182 quod
935 1098 1048 1174 instat,
1058 1104 1092 1161 et
1101 1098 1237 1181 provin·

137 1202 278 1281 cias,de
299 1202 423 1285 quibus
445 1201 563 1284 agitur,
579 1199 711 1265 dixisse
727 1200 811 1265 satis
826 1204 889 1264 est.
934 1198 1001 1264 Illa
1014 1198 1115 1283 longa
1129 1200 1238 1265 oratio

135 1324 199 1370 nee
211 1305 255 1371 ad
269 1323 332 1369 vos
347 1306 515 1390 pertinens
531 1303 589 1382 sit,
601 1303 631 1368 si
643 1302 923 1387 quemadmodum
938 1300 984 1382 Q.
1001 1297 1236 1367 Fabiusmeas

136 1426 191 1472 res
205 1411 317 1491 gestas
331 1407 367 1471 iu
388 1405 557 1491 Hispania
578 1404 736 1483 elevavit,
753 1402 803 1469 sic
826 1411 863 1468 et
880 1410 942 1487 ego'
962 1410 1079 1469 contra
1101 1404 1239 1488 gloriam

138 1509 215 1594 ejus
237 1508 385 1589 eludere,
405 1513 438 1573 et
461 1526 570 1573 meam
590 1506 701 1571 verbis
727 1506 891 1572 extollere
913 1507 1027 1572 velim.
1072 1504 1239 1572 Neutrum

137 1612 274 1691 seciam,
295 1610 415 1677 Patres
438 1609 633 1693 conscripti,
658 1615 701 1688 et,
727 1610 758 1675 si
781 1609 874 1674 nlla¹
898 1608 967 1675 alia
992 1616 1053 1689 re:
1072 1607 1240 1675 modestia

139 1720 230 1779 certe
243 1719 277 1779 et
291 1711 509 1798 temperando
526 1712 647 1795 lingum
662 1711 859 1778 adolescens
879 1730 994 1777 senem
1013 1712 1139 1778 vicero.
1183 1710 1240 1777 Ita

38 1884 43 1891 ,
139 1821 173 1882 et
190 1817 262 1882 vixi
277 1822 311 1882 et
330 1834 384 1881 res
406 1815 510 1899 gessi,
535 1821 571 1879 ut
597 1816 721 1880 taeitos
747 1834 790 1881 ea
815 1815 986 1900 opinione,
1010 1834 1113 1901 quam
1132 1820 1241 1881 vestm

140 1924 258 2003 sponte
283 1922 480 2004 conceptam
502 1918 625 1984 animis
652 1917 831 1999 haberetis,
856 1919 957 1985 facile
985 1925 1159 1985 contentus
1188 1937 1240 1983 es-

141 2020 235 2087 sem!
264 2067 267 2075 ,

184 2125 239 2189 45.
262 2120 379 2189 Minus
394 2124 503 2207 eequis
517 2120 637 2190 animis
653 2124 789 2192 auditus
810 2129 865 2189 est
885 2122 1015 2211 Scipio,
1029 2124 1110 2211 qnia
1125 2125 1243 2209 vulga·

140 2233 310 2305 tumeret,
336 2227 367 2292 si
388 2227 482 2311 apud
503 2235 657 2293 senatum
678 2247 743 2293 non
767 2228 982 2308 obtinuisset,
1005 2234 1044 2294 ut
1068 2229 1245 2315 provincia

141 2328 261 2395 Africa
287 2330 352 2394 sibi
378 2329 618 2410 decerneretur,
637 2330 681 2396 ad
707 2330 872 2416 populum
893 2332 1065 2417 extemplo
1084 2332 1242 2397 laturum.

142 2431 263 2515 Itaque
278 2428 322 2511 Q.
338 2430 491 2512 Fulvius,
506 2424 566 2517 qui
577 2431 696 2497 consul
707 2440 827 2515 qnater
842 2438 878 2497 et
891 2452 1011 2498 censor
1025 2431 1144 2510 fuerat,
1160 2452 1243 2518 pos·

141 2535 267 2600 tulerit
282 2552 304 2599 a
317 2533 469 2611 consule,
483 2542 523 2599 ut
537 2532 651 2620 palam
668 2534 701 2597 in
713 2541 836 2600 senatu
850 2533 987 2612 diceret,
1002 2539 1013 2569 ‘
1026 2536 1243 2621 permitteret·

142 2657 185 2702 ne
200 2636 370 2717 Patribus,
387 2646 427 2703 ut
440 2636 483 2702 de
499 2637 682 2722 provinciis
698 2637 932 2704 decernerent?
955 2645 1174 2724 staturusque
1201 2659 1244 2706 eo

121 2797 128 2806 .
143 2747 245 2821 esset,
259 2741 349 2826 quod
362 2740 586 2819 censuissent,
598 2759 641 2805 au
655 2739 700 2804 ad
712 2743 877 2825 populum
888 2741 1054 2809 laturusl'
1069 2743 1154 2809 Cum
1169 2743 1246 2826 Scif

142 2841 202 2927 pio
219 2843 460 2928 respondisset,
482 2862 533 2921 se,
555 2843 646 2926 quod
666 2862 738 2908 ere
758 2845 897 2929 publica
918 2852 1035 2925 esset,²
1061 2846 1245 2928 facturum3

143 2953 216 3010 tom
231 2945 385 3025 Fulvius,
405 2944 513 3010 ‘Non
538 2964 602 3027 ego
625 2946 771 3030 ignarus,
796 2948 877 3032 quid
899 2967 1118 3032 responsums
1138 2950 1246 3016 factu·

142 3066 244 3115 rusve
258 3067 363 3128 esses,
379 3048 536 3134 quaesivi,
550 3050 678 3135 quippe
693 3069 770 3115 cum
785 3070 858 3136 prm
872 3058 908 3117 te
922 3052 1022 3132 feras,
1036 3057 1163 3118 tentare
1176 3072 1247 3118 ma·
1353 3059 1358 3067 '

145 3151 211 3234 gis,
225 3171 328 3238 quam
342 3152 517 3218 consulere
532 3158 697 3230 senatum,
712 3160 757 3233 et,
778 3155 813 3219 ni
829 3154 1040 3239 provinciam
1055 3156 1129 3234 tibi,
1145 3175 1246 3241 qnam

145 3253 304 3335 volueris,
327 3256 498 3340 extemplo
525 3256 759 3336 decernamus,
785 3266 937 3341 paratam
959 3259 1168 3342 rogationem
1187 3259 1247 3322 ha-

144 3357 240 3421 beas.
286 3356 407 3441 Itaque
423 3378 443 3423 a
460 3359 570 3436 vobis,
585 3359 709 3424 tribuni
731 3361 849 3443 plebis,
872 3360 1031 3445 postulo,’
1057 3361 1174 3447 inquit,
1189 3369 1199 3400 ‘
1213 3369 1250 3427 ut

146 3459 350 3525 sententiam
359 3460 442 3526 mihi
455 3461 533 3526 ideo
549 3482 615 3526 non
628 3461 767 3540 dicenti,
780 3464 883 3547 quod,
899 3465 962 3529 etsi
976 3465 1010 3529 in
1024 3473 1154 3529 meam³
1171 3485 1247 3529 sen·

146 3562 286 3628 tentiam
302 3561 505 3642 discedatur,
521 3566 644 3630 nonsit
658 3566 954 3632 ratumhabiturus
967 3567 1098 3645 consul,
1115 3569 1247 3632 auxilio

147 3811 266 3862 Rheneu.
287 3810 421 3862 substituit
439 3825 472 3860 ex
491 3828 538 3862 suo
556 3815 724 3876 populumque
744 3827 792 3876 pro
808 3819 1032 3878 evasteturque-l·
1052 3816 1157 3867 vulcat.
1176 3821 1249 3868 rom.

148 3885 155 3905 ¹
166 3877 250 3961 Immo
265 3877 285 3924 si
301 3883 373 3953 certe,
383 3889 413 3929 ut
424 3879 537 3942 videtur,
550 3894 597 3942 pro
608 3880 701 3930 saltem
719 3880 831 3944 positum
843 3889 895 3945 est,
906 3881 1056 3929 necessarie
1065 3883 1132 3931 nmio
1142 3883 1194 3946 legi
1205 3885 1250 3932 de·
1278 3929 1281 3935 ,

148 3941 204 4056 beg'
214 3941 411 4071 Vlgtof'liffiyapud
423 4007 511 4072 Sigon.
522 4023 534 4057 e
546 4007 663 4073 republica
680 4007 880 4060 credidisset-2
898 4007 966 4059 Edd.
979 4017 1039 4060 ante
1052 4009 1134 4061 Grou.
1157 4013 1252 4075 quodsi

648 4122 755 4173 NO‘l'AE

183 4215 354 4266 ⁸Sintlnulia
365 4217 402 4280 re]
415 4219 536 4284 Plerique
546 4235 623 4270 manu
635 4235 678 4269 ex·
721 4220 793 4270 culos
822 4219 918 4286 ubique
937 4221 1045 4285 spiritus
1063 4221 1174 4273 redolet.
1206 4220 1250 4274 Sic

151 4303 282 4343 aratorum
302 4295 339 4344 sic
357 4294 464 4345 habent.
500 4295 570 4345 Editi
583 4297 682 4347 duello
721 4296 835 4346 insinuat
846 4311 953 4360 sperare
963 4311 990 4345 se
999 4298 1165 4364 nliisqooque
1174 4299 1252 4349 rebus

150 4372 201 4420 olto
216 4385 251 4419 re.
286 4370 353 4420 lllud
372 4371 567 4421 convenientius
579 4372 681 4423 videtur
722 4373 796 4424 Fabii
807 4375 915 4438 glorium
927 4381 1120 4442 superaturum,
1129 4378 1173 4430 aed
1183 4391 1252 4429 max·

153 4449 258 4514 reliqna
267 4446 394 4512 Scipionis
412 4449 532 4512 orationi,
545 4463 602 4514 qnae
614 4463 680 4501 mes·
721 4450 771 4502 ime
782 4452 917 4504 modestis.
