3259 5225
510 600 583 647 nra.
606 598 703 649 xxv.
725 599 808 651 ear.
829 581 860 648 8.
1140 582 1229 656 2093

174 747 209 815 8.
233 744 349 829 Hujus
378 744 540 811 atrocitas
569 764 684 829 poenae
715 742 853 812 duarum
882 744 1161 812 nobilissimarum
1193 747 1228 813 in

132 852 237 917 ltalia
250 850 466 917 Graecarnm¹
487 848 674 915 civitatium
688 850 822 913 animos
839 847 993 926 irritavit,
1008 868 1083 915 cum
1096 856 1121 885 ¹²
1143 849 1226 932 pub,

129 955 209 1032 lice,
220 960 291 1020 turn
304 954 406 1019 etiam
420 952 569 1037 singulos
583 951 755 1036 privatim,
774 950 966 1035 utquisque
985 956 1051 1017 tam
1071 950 1161 1016 toede
1177 951 1227 1015 inv

130 1063 294 1123 terentes
307 1064 370 1121 aut
381 1055 643 1140 propinquitate,
657 1059 716 1120 aut
729 1053 881 1119 amicitia
900 1053 1126 1137 contingebat.
1171 1052 1226 1121 Ex

128 1162 173 1225 iis
189 1161 348 1225 sedecim
363 1158 432 1225 iere
446 1158 575 1223 nobiles
595 1160 743 1244 J'urenes
761 1157 935 1224 Tarentini
956 1156 1224 1241 conjuraverunt,

128 1284 270 1347 quornm
284 1262 458 1347 principes
471 1260 564 1327 Nico
578 1266 614 1327 et
629 1260 842 1327 Philemenus
855 1268 879 1307 ¹³
894 1266 1001 1326 erant.
1045 1260 1106 1337 Hi,
1122 1262 1225 1343 prins,

126 1386 230 1450 quam
245 1364 374 1450 aliquid
380 1370 564 1443 moverent,
574 1363 836 1448 colloquendum
849 1382 926 1429 curn
940 1362 1133 1429 Hannibale
1148 1364 1225 1442 rati,

127 1475 230 1533 noete
244 1488 305 1553 per
317 1469 463 1551 speciem
482 1465 626 1532 venandi
636 1468 751 1531 urbem
761 1472 788 1514 ¹⁴
809 1466 943 1549 egressi,
959 1464 1003 1529 ad
1025 1484 1101 1530 eum
1121 1465 1225 1550 profi*

125 1572 320 1637 ciscnntnr:
349 1577 397 1651 et,
422 1590 498 1635 cum
522 1569 613 1635 band
635 1570 753 1652 procul
774 1570 896 1635 castris
926 1570 1096 1647 abessent,
1122 1568 1225 1634 ceteri

125 1675 225 1758 sylva
237 1677 447 1760 propeviam
462 1692 540 1737 sese
553 1673 795 1753 occuluerunt3
825 1672 916 1739 Nico
938 1679 975 1737 et
997 1670 1224 1750 Philemenns,

123 1780 294 1861 progressi
314 1778 358 1846 ad
378 1777 545 1843 stationes
562 1777 870 1861 comprehensique,
889 1774 979 1840 ultro
998 1773 1033 1839 id
1056 1780 1223 1857 petentes,

124 1880 169 1945 ad
185 1880 408 1946 Hannibalem
427 1880 565 1945 deducti
584 1888 674 1945 sunt.
718 1878 879 1959 Quicum
896 1886 931 1944 et
952 1897 1075 1943 causas
1088 1877 1222 1943 consilii

124 1984 192 2061 sui,
207 1990 243 2048 et
263 1984 346 2070 quid
360 1990 527 2068 pararent,
540 1982 802 2065 exposuisseut3
825 1980 1010 2047 collaudati
1025 1982 1221 2064 oneratique

123 2087 303 2169 premissis
320 2086 487 2172 jubentur,
502 2091 541 2151 nt
553 2084 653 2150 fidem
664 2084 886 2169 popularibus
899 2085 1057 2160 facerent,
1069 2083 1222 2167 praedan-

121 2189 157 2253 di
170 2209 280 2256 causa
295 2209 333 2255 se
353 2191 465 2255 orbern
476 2206 640 2270 egressos,
654 2206 777 2272 pecora
788 2186 1125 2271 Carthaginiensium,
1141 2204 1220 2269 quae

120 2300 259 2376 pastum
280 2294 444 2379 propulsa
466 2297 593 2369 essent,
615 2291 660 2356 ad
683 2292 801 2357 urbem
824 2310 933 2375 agere.
975 2290 1067 2355 Tuto
1089 2308 1130 2355 ac
1145 2288 1220 2353 sine

120 2397 306 2463 certamine
318 2397 356 2462 id
368 2397 528 2473 facturos,
539 2394 738 2479 promissum
751 2401 817 2459 est.
839 2392 1032 2477 Conspecta
1046 2411 1089 2457 ea
1101 2389 1221 2475 praeda

113 2497 281 2581 juvenum
296 2504 369 2579 θείς
389 2500 578 2583 minusque,
602 2496 724 2562 iterum
738 2515 781 2561 ae
796 2495 925 2579 saepius
948 2495 985 2560 id
1005 2514 1064 2561 eos
1088 2492 1220 2573 andere,

118 2600 283 2667 miraculo
309 2600 386 2668 fnit.
443 2599 623 2684 Congressi
649 2619 726 2666 cnm
766 2598 962 2668 Hannibale
990 2617 1117 2675 rursus,
1154 2594 1220 2661 fide

119 2711 314 2782 summunt,
327 2703 453 2768 liberos
461 2703 660 2770 Tarentinos
669 2703 759 2787 leges
771 2721 902 2787 suaque
915 2699 1219 2776 omniababitnros,

117 2827 230 2891 neque
245 2807 349 2872 ullnrn
363 2806 511 2890 vectigal
536 2805 645 2872 Poeno
668 2823 847 2891 pensuros,
874 2803 1111 2888 praesidiumve
1131 2801 1218 2866 invi-

117 2916 174 2974 tos
195 2916 408 2993 recepturosr
430 2909 565 2994 prodita
590 2909 749 2994 praesidia
772 2905 1099 2990 Carthaginiensium
1123 2903 1219 2970 torar

118 3010 210 3076 Haec
224 3012 285 3076 nbi
298 3019 536 3092 convenerunt,
557 3016 637 3077 tunc
656 3031 735 3078 vero
761 3010 980 3076 Philemenns
1006 3006 1215 3072 consuetudi·
1273 3047 1279 3060 ·

116 3131 194 3178 nem
212 3121 313 3180 nocte
334 3113 523 3198 memnon
537 3113 766 3198 redeundique
778 3114 813 3178 in
828 3114 944 3178 urbem
959 3111 1216 3197 frequentiorem

115 3214 246 3282 facore:
266 3215 318 3302 (et
337 3218 564 3283 eratvcnandi
577 3217 690 3282 studio
702 3214 858 3302 insignis)
879 3235 1047 3299 canesque
1070 3221 1105 3280 et
1129 3215 1217 3294 alius

116 3329 303 3405 apparatus
324 3320 546 3405 sequebatnr3
567 3325 769 3403 captumque
793 3319 897 3384 ferme
919 3317 1058 3401 aliquid,
1088 3325 1148 3382 aut
1169 3317 1214 3382 ab

115 3422 214 3489 boote
224 3443 269 3488 ex
280 3427 474 3508 praeparato
488 3421 642 3487 ablatum
657 3421 868 3506 reportando,
882 3421 1029 3487 donabat
1043 3417 1103 3486 ant
1124 3434 1214 3504 prae·

114 3526 213 3606 fecto,
227 3534 289 3592 ant
302 3525 503 3592 custodibus
517 3535 701 3610 portarum.
732 3525 849 3591 Nocte
862 3525 1011 3590 maxime
1025 3541 1213 3598 commeare

115 3635 251 3716 propter
261 3635 383 3695 metum
397 3628 559 3710 boetium,
573 3627 762 3694 credebant.
804 3625 875 3693 Ubi
883 3625 957 3712 jam
973 3645 1015 3690 eo
1031 3627 1213 3690 consuetu·

572 3773 760 3799 mo

147 3884 177 3930 12
193 3881 256 3932 ibn
276 3879 346 3931 ndo.
357 3885 418 3931 ante
435 3879 615 3930 Gronau-lt
633 3878 890 3930 A1.Ptr·tomaret
908 3875 1133 3927 Pttnmererprt
1150 3875 1213 3927 ‘Ita

113 3947 428 4011 apostatantem
444 3961 470 3996 re
487 3946 568 3996 artes
584 3959 700 4009 murae,
710 3943 920 4012 quodexPatat.
931 3947 955 3993 2.
966 3943 1054 4007 recepi
1074 3955 1122 4006 pro
1142 3943 1211 4008 vulp

606 4109 715 4162 NOTAE

143 4208 281 4258 mma
307 4204 504 4255 utilium
521 4205 549 4255 it
564 4205 640 4257 ltalia
679 4220 713 4256 ex
724 4203 847 4270 Polybio,
856 4203 902 4255 lib.
918 4217 983 4255 vrrr.
999 4202 1042 4254 obi
1054 4201 1136 4254 refert
1147 4217 1209 4255 con·

113 4281 264 4346 mmm]
277 4280 384 4331 Tarenti
395 4281 638 4345 et‘l’boriornm,ex
679 4283 780 4333 veniere
789 4290 819 4331 ut
837 4280 1089 4346 Carthaginiensibus
1107 4282 1209 4347 liceret,

111 4361 204 4427 quibua
213 4375 274 4424 pars
285 4357 412 4419 obsidum,
424 4357 492 4408 infra
502 4373 560 4422 cap.
570 4362 611 4409 1⁶.
678 4359 743 4410 urbe
759 4367 848 4424 eapte,
864 4357 936 4408 rader
951 4371 981 4406 rc
998 4356 1141 4407 diversoria
1155 4357 1209 4408 Ro·

143 4439 154 4472 t
171 4437 270 4486 Prodita
279 4435 638 4500 praeconsumere
677 4450 811 4486 manorum
822 4435 866 4500 qni
877 4433 1026 4498 presidium
1034 4433 1142 4486 Tarenti
1153 4431 1210 4499 egi·

102 4513 375 4578 sore18enrnrbojaa
394 4512 444 4564 lori
465 4513 637 4580 rapinarum
678 4514 778 4574 tabant,
786 4514 910 4580 diripere.
