3259 5225
529 549 604 598 ure.
626 549 725 600 xxv.
745 551 829 600 our.
849 535 903 602 41.
1173 539 1260 608 also

159 709 295 774 rectus.
341 704 487 769 Postero
506 702 563 769 die
577 723 686 790 prope
696 705 793 791 justo
806 705 926 792 praelio
945 706 1109 790 compulit
1126 707 1261 774 bostem

157 807 248 872 intra
261 805 477 872 munimenta.
521 805 604 870 Inde
617 815 796 874 revocatus
809 807 970 874 seditione
984 807 1209 876 Numidarum
1225 811 1259 874 iu

158 910 284 975 castris
296 908 484 991 saetacum
497 907 634 974 trecenti
647 910 749 976 ferme
760 929 875 976 eorum
888 911 1090 977 Heracleam
1106 913 1259 982 Minoam

158 1012 423 1089 concessissent,
435 1010 478 1076 ad
492 1011 698 1094 mitigandos
711 1013 984 1100 revocandosque
998 1033 1056 1080 eos
1073 1015 1259 1100 profectus,

157 1134 369 1200 magnopere
380 1113 553 1180 monuisse
564 1114 669 1180 duces
679 1113 814 1193 dicitur,
825 1135 867 1180 ne
879 1117 1017 1183 absente
1028 1135 1066 1182 se
1078 1137 1154 1182 cnm
1165 1117 1260 1184 hoste

157 1237 282 1284 manus
310 1224 527 1284 consererent
585 1216 628 1282 Id
657 1217 758 1284 ambo
784 1238 873 1302 aegre
898 1221 990 1304 passi
1016 1218 1128 1298 duces,
1153 1222 1259 1304 magis

159 1321 299 1402 Hanno,
314 1321 388 1408 jam
409 1329 489 1387 ante
508 1321 632 1388 anxius
650 1321 758 1404 gloria
777 1323 869 1407 ejus:
892 1321 1083 1388 ‘Mutinem
1104 1323 1170 1388 sibi
1188 1344 1260 1390 mo·

158 1425 241 1490 dom
252 1425 392 1504 iacere,r
409 1424 605 1508 degenerem
623 1421 760 1490 illrumk
777 1425 972 1508 imperatori
986 1423 1260 1508 Carthaginiensi,

157 1529 268 1594 misso
280 1531 325 1594 ab
341 1535 460 1594 senatu
474 1525 693 1612 populoque)
738 1527 775 1592 Is
793 1527 940 1611 perpulit
955 1531 1161 1592 cunctantem
1178 1527 1261 1613 Epi·
1378 1613 1382 1622 ,

156 1629 280 1714 cydon,
298 1637 347 1710 nt,
366 1629 571 1712 transgressi
589 1629 727 1708 flamen,
745 1629 782 1694 in
802 1629 911 1694 aciem
930 1629 1068 1694 exirent.
1113 1629 1203 1694 Nam
1229 1631 1260 1694 si

158 1731 329 1797 Mutinem
350 1733 587 1816 opperirentur,
613 1735 648 1795 et
668 1731 819 1796 secunda
841 1735 1001 1815 pugnae¹²
1030 1731 1163 1798 fortuna
1183 1751 1259 1797 eve-

159 1834 281 1914 nisset,
296 1833 385 1899 band
400 1833 499 1899 dnbie
515 1831 660 1898 Morinis
674 1834 816 1916 gloriam
830 1833 912 1899 lore.

200 1937 259 2002 41.
280 1936 457 2002 Enimvero
470 1935 642 2019 indignum
663 1941 756 2000 ratas
771 1933 968 2015 Marcellus,
980 1955 1030 2015 se,
1045 1937 1104 2021 qni
1128 1935 1258 2001 Hanni-

157 2040 275 2106 balem
296 2039 507 2105 subnisnm¹³
530 2039 675 2104 victoria
696 2036 867 2104 Cannensi
885 2039 929 2102 ab
958 2037 1049 2104 Nola
1071 2039 1260 2122 repulisset,

156 2143 211 2208 bis
231 2149 320 2207 terra
332 2143 484 2226 marique
505 2141 604 2208 victis
625 2142 670 2207 ab
690 2161 728 2206 se
748 2140 905 2206 hostibus
919 2141 1062 2220 cedere:
1077 2160 1169 2206 arma
1182 2159 1260 2226 pro·

155 2264 240 2328 pere
260 2261 384 2327 capere
403 2242 526 2308 milites
546 2248 581 2307 et
595 2241 704 2308 efferri
722 2243 820 2326 signa
836 2241 949 2326 jubet.
991 2241 1176 2310 Instruenti
1198 2263 1259 2308 ex-

155 2348 341 2412 ercitnm'⁴
368 2345 484 2410 decern
508 2343 624 2410 effusis
645 2345 744 2428 equis
769 2343 927 2410 advolant
951 2363 996 2410 ex
1020 2345 1162 2410 hostium
1186 2347 1259 2410 acie

155 2449 332 2528 Numidae,
344 2447 553 2526 nuntiantes,
567 2447 751 2532 populares
766 2465 859 2523 snos,
874 2445 1018 2529 primum
1031 2465 1073 2510 ea
1094 2445 1259 2510 seditione

154 2559 280 2632 motos,
290 2571 358 2636 qua
371 2551 562 2617 trecenties
574 2569 714 2616 numero
727 2569 791 2615 suo
807 2549 1034 2615 concesserint
1043 2547 1258 2628 Heracleam,

153 2656 236 2721 dein
250 2655 341 2741 quod
358 2655 549 2739 praelectum
571 2673 671 2719 snum
691 2655 736 2719 ab
750 2653 1013 2718 obtrectantibus
1026 2651 1171 2716 ducibus
1187 2652 1259 2735 glo·

155 2760 221 2824 riae
242 2758 331 2843 ejus,
352 2758 415 2823 snb
433 2759 544 2842 ipsam
567 2756 759 2822 certaminis
778 2755 879 2831 diem,
900 2754 1087 2837 ablegatum
1109 2753 1258 2833 videant,

155 2863 332 2946 quieturos
345 2862 381 2927 in
395 2880 518 2945 pugna.
548 2858 644 2927 Gens
659 2854 786 2925 fallax¹
800 2859 957 2943 promissi
973 2856 1072 2923 fidem
1090 2858 1257 2941 prostitit.

154 2966 280 3051 Itaque
289 2964 496 3031 etRomanis
505 2964 612 3030 crevit
619 2964 764 3039 animus,
774 2958 894 3025 nando
906 2960 1007 3025 celeri
1018 2979 1078 3045 per
1088 2957 1219 3023 ordines
1231 2965 1257 3006 ¹⁵

153 3069 294 3145 missos
307 3067 505 3133 destitutum
527 3068 572 3131 ab
593 3065 710 3150 equite
731 3064 864 3129 bostem
887 3079 977 3141 esse,
992 3079 1090 3146 quem
1109 3059 1257 3124 maxime

186 3227 199 3251 '
215 3218 338 3269 Metine·
351 3217 413 3283 ipris
424 3216 551 3281 mermi,
563 3221 587 3267 ct
598 3214 667 3279 pari
679 3215 744 3276 leget
757 3215 825 3272 dore,
841 3228 886 3279 qao
901 3204 994 3261 rainu
1008 3214 1032 3259 et
1047 3212 1161 3275 quotenus
1172 3208 1258 3259 bouum

154 3418 350 3543 &iod-rget
357 3411 802 3543 maetam·
995 3438 1004 3468 ⁹

611 3585 795 3608 numum

151 3655 371 3770 mltum.
404 3656 556 3721 amaroque
566 3654 631 3704 dant
645 3651 746 3703 Stroth.
764 3657 792 3702 et
804 3646 1046 3713 Kreyssiginsoeli
1063 3644 1127 3695 Mes.
1139 3643 1255 3711 plerique

185 3790 217 3835 1⁸
236 3736 492 3836 eilwinum-lt
508 3782 713 3834 Adeone-ren
722 3794 762 3829 es·
772 3776 840 3829 Edd.
855 3785 917 3828 aute
929 3774 1112 3826 Gronau-lb
1130 3774 1180 3825 Per
1190 3772 1255 3823 ordi·

648 3890 760 3945 ΝΟΊῈ

182 3997 198 4033 ¹
213 3998 363 4059 vegetem
373 3993 472 4058 Afra]
495 3995 554 4045 Nec
564 4008 635 4043 merc
647 3992 683 4043 A·
720 3989 792 4040 tlest.

150 4072 202 4135 ier,
220 4088 270 4123 nec
288 4084 362 4121 mera
380 4072 478 4121 Poenna
495 4070 619 4126 blutiaco,
636 4070 682 4119 sed
754 4075 772 4101 ¹
789 4067 840 4117 Per
850 4058 1086 4127 momordisset]
1097 4058 1180 4125 abac]
1205 4060 1253 4110 Le·

153 4158 263 4235 utroqm
278 4161 376 4214 genere
390 4146 597 4211 misinabibrls,
614 4146 683 4197 Gall.
722 4144 861 4210 gaarma
874 4140 958 4190 Faber
968 4144 996 4188 et
1005 4136 1120 4186 Gronov.
1131 4150 1174 4199 per
1189 4137 1254 4186 ordi-
1390 4146 1396 4157 ·

150 4225 274 4278 anau.
721 4212 1252 4278 maiae3sedtrmexarsttmsnuqesn

183 4301 190 4336 ¹
201 4299 367 4360 oms-trux,
374 4297 429 4361 tra]
440 4297 627 4351 Pmmirsornro
635 4298 682 4349 mi·
723 4292 917 4364 typisexpressi
924 4291 1030 4347 babent,
1037 4304 1080 4353 prr
1087 4290 1192 4339 ordiam
1198 4291 1253 4339 rair-

153 4381 220 4429 nime
230 4386 361 4437 noscent,
377 4375 433 4425 aire
449 4373 639 4424 fraudulentam
655 4376 682 4425 ia
721 4390 756 4434 so,
765 4380 904 4439 potestque
918 4367 1029 4431 intelligi
1040 4366 1143 4417 nuntius
1154 4366 1186 4416 ad
1198 4380 1251 4417 our·

153 4453 283 4519 promissis
299 4458 404 4516 gentem
417 4448 588 4501 Numidarum
603 4451 680 4515 signi·
721 4450 867 4515 nescopias
876 4446 969 4498 mirans
978 4442 1124 4495 ordinatim.
