3259 5225
438 575 513 625 um.
537 572 682 625 xxvrrr.
706 572 788 623 car.
807 556 862 623 30.
1107 549 1197 623 arab

91 716 289 799 certamine,
302 716 493 804 proditioue
507 716 732 805 recipiendi,¹¹
746 718 834 785 uitro
847 715 906 803 qui
920 734 994 783 eam
1010 734 1079 783 rear
1092 716 1196 801 polli-

94 826 257 901 cerentur,
279 824 314 901 ip
337 828 452 887 castra
475 820 632 887 Romana
651 820 874 899 venientibus,
891 840 982 905 spes,
1008 821 1099 887 sicut
1117 826 1196 889 ante

96 924 226 989 dictum
254 931 319 1002 est,
347 924 468 989 suerat.
511 923 725 989 Patefacta¹³
754 924 930 990 immatura
959 922 1105 1009 proditio
1132 930 1197 1003 est,

96 1026 422 1112 comprehensosque
441 1044 558 1091 omnes
579 1024 686 1109 Mago
707 1024 892 1093 Adherbali
905 1028 1042 1110 praetori
1058 1024 1199 1092 Cartba-

4 1136 8 1149 '
95 1129 207 1211 giuem
237 1128 452 1195 devehendos
473 1128 582 1195 tradit.
627 1127 809 1208 Adherbal,
835 1129 1019 1214 conjuratis
1041 1130 1077 1195 in
1100 1129 1199 1215 quin·

96 1250 288 1315 queremem
311 1232 493 1317 impositis,
514 1232 761 1317 praemissa'que
777 1250 831 1310 ea,
851 1234 934 1316 quia
945 1232 1081 1307 tardior,
1097 1252 1199 1315 quam

95 1337 252 1413 triremis,
269 1342 349 1413 erat,
361 1336 437 1420 ipse
459 1354 535 1399 cum
557 1340 636 1399 octo
657 1335 846 1400 triremibus
867 1334 1002 1400 modico
1023 1336 1200 1401 intervallo

98 1441 262 1524 sequitur.
305 1436 386 1503 Jam
406 1437 526 1503 fretum
542 1437 685 1503 intrabat
699 1436 959 1523 quinqueremis,
971 1458 1048 1503 cum
1060 1438 1201 1514 Laelius,

100 1545 136 1605 et
152 1542 274 1625 ipsein
297 1541 565 1625 quinqueremis
586 1545 686 1623 portu
708 1538 865 1617 Carteiae,
887 1541 1102 1624 sequentibus
1121 1562 1201 1626 sep·

98 1648 166 1709 tem
182 1641 382 1719 triremibus,
396 1645 543 1717 evectus,
561 1640 594 1706 in
610 1638 838 1706 Adherbalem
867 1662 909 1708 ae
936 1642 1084 1708 triremes
1108 1646 1202 1709 inve·

99 1744 202 1822 bitur,
231 1743 502 1829 quinqueremem
531 1744 614 1807 setis
638 1742 785 1821 credens,
808 1742 1008 1828 deprensam
1028 1745 1149 1830 rapido
1167 1745 1203 1809 iu

99 1846 200 1924 freto,
229 1846 262 1911 in
287 1844 460 1911 adversum
490 1854 610 1933 aestum
633 1844 835 1929 reciprocari
860 1866 931 1911 nun
958 1858 1082 1931 posse·
1121 1846 1204 1914 Pm-

100 1968 168 2014 nus
184 1951 220 2015 in
233 1967 268 2013 re
283 1948 397 2013 subita
411 1966 589 2031 parumper
602 1948 747 2013 incertus
761 1948 952 2033 trepidavit,
974 1955 1085 2014 utrum
1109 1950 1204 2035 quin·

101 2070 293 2139 queremem
320 2056 528 2135 sequeretur,
560 2070 603 2115 au
631 2050 664 2115 in
694 2050 812 2116 hostes
849 2056 955 2117 rostra
984 2057 1203 2117 converteret

102 2154 189 2240 Ipsa
200 2153 369 2219 cunctatio
384 2152 579 2235 facultatem
595 2153 821 2221 detrectandae
831 2174 950 2240 pugnae
961 2153 1103 2220 ademit:
1124 2153 1205 2219 Jam

101 2258 192 2324 euim
204 2259 268 2323 sub
283 2256 355 2321 ictu
370 2256 429 2321 teli
444 2263 549 2336 erant,
565 2263 598 2322 et
611 2257 760 2341 undique
776 2258 947 2323 instabant
961 2256 1092 2322 hostes.
1125 2257 1205 2321 AEs-

101 2368 162 2426 tus
177 2378 313 2446 quoque
329 2358 500 2423 arbitrium
517 2359 710 2425 moderandi
724 2379 826 2425 naves
841 2358 1023 2425 ademerat.
1081 2357 1205 2443 Neque

100 2469 177 2529 erat
198 2460 310 2527 navali
332 2479 445 2544 pugna
467 2460 607 2541 similis;
635 2462 761 2546 quippe
782 2461 842 2526 ubi
865 2461 947 2526 nibil
969 2462 1205 2541 voluntarium,

100 2564 186 2630 nibil
208 2564 289 2631 artis
312 2569 370 2629 aut
391 2563 527 2631 consilii
550 2570 652 2630 esset.
701 2564 776 2630 Una
798 2570 920 2630 natura
941 2563 1017 2629 freti
1036 2570 1206 2649 aestusque

100 2667 210 2734 totius
231 2666 423 2733 certaminis
443 2671 561 2750 potens
583 2666 667 2744 suis,
689 2667 806 2732 alienis
822 2668 967 2731 navibus
983 2667 1207 2751 nequicquam

101 2769 244 2854 remigio
259 2769 293 2832 in
308 2769 506 2833 contrarium
522 2769 696 2856 tendentes
711 2770 898 2850 invehebat,
908 2775 947 2834 ut
959 2768 1134 2852 fugientem
1150 2789 1209 2834 rra-

103 2893 184 2940 vem
194 2878 221 2922 ¹⁴
236 2872 370 2938 videres
386 2876 475 2936 retro
490 2872 616 2962 vortice
632 2867 808 2937 intortam¹
820 2872 1005 2938 victoribus
1019 2871 1165 2954 illatam3
1175 2876 1210 2937 et

103 2980 308 3060 sequentem,
325 2974 356 3039 si
370 2973 404 3037 irr
417 2975 622 3040 contrarium
638 2980 780 3040 tractum
794 2973 972 3038 incidisset
989 2973 1105 3050 maris,
1123 2973 1210 3058 fugi·

105 3077 196 3143 entis
210 3075 311 3142 mcdo
325 3095 401 3140 sese
414 3081 630 3141 avertentem.
674 3075 754 3142 Jarn
768 3077 802 3140 iu
816 3077 895 3160 ipsa
909 3096 1023 3160 pugna
1036 3074 1122 3156 baec,
1132 3095 1211 3142 cnm

105 3176 228 3244 infeste
248 3187 359 3246 restro
379 3185 509 3264 peteret
526 3179 676 3244 bostium
696 3198 827 3257 navem,
848 3180 989 3262 obliqua
1009 3178 1087 3263 ipsa
1102 3179 1211 3245 ictum

106 3281 247 3347 alterius
268 3283 366 3347 rostri
389 3283 597 3368 accipiebat:
620 3281 692 3363 illa,
713 3303 790 3349 cum
811 3289 998 3349 transversa
1012 3282 1212 3368 objiceretur
1232 3343 1236 3353 ,

143 3440 155 3465 ¹
172 3431 229 3482 Noa
237 3447 304 3496 parre
314 3437 379 3484 retro
389 3433 496 3483 conecti
506 3437 589 3482 rantra
599 3438 684 3482 crtum
693 3434 783 3486 cerani.

108 3611 181 3662 oum
191 3610 328 3674 tegebatur
340 3612 419 3668 Οιειιι
427 3612 554 3661 λιιι-12
567 3611 636 3664 Oiim
648 3613 747 3664 Gadeir-
758 3613 932 3662 ‘Proditionee
941 3611 999 3661 baee
1010 3609 1090 3659 tectio
1100 3607 1215 3659 debetur

107 3677 252 3737 Rhemum
280 3679 305 3726 in
326 3678 443 3729 omnibns
464 3679 531 3726 anim
551 3678 621 3727 tibrr.
643 3679 706 3729 Μιι.
725 3680 830 3742 legitur,
844 3692 889 3741 per
906 3677 1051 3728 deditionem
1069 3675 1213 3738 cubandi.

106 3741 183 3790 Bene
194 3747 281 3818 autern
295 3743 412 3792 Rhenani
429 3743 537 3792 lectioni
550 3744 706 3806 respondent
717 3745 797 3792 rerba
811 3743 958 3818 sequeutia,
972 3741 1094 3804 patefacta
1102 3740 1214 3815 immqtrr·

107 3805 316 3920 apua&
333 3807 757 3934 ibsjr.⁸·÷„⁶sii¹³ii?:ea;'
773 3809 908 3922 iiiiii.
928 3806 1215 3920 {abaritiis

107 3875 287 4000 fflujuiff-rr
304 3886 362 3988 Dpci.
380 3907 534 4002 edd.'rutiq.
552 3907 582 3986 rb
597 3954 698 3999 mm
715 3907 840 3991 ut'arm
851 3908 934 3988 Graii.
945 3937 1056 4001 Deujar.
1089 3935 1153 3984 Max
1164 3933 1215 3982 eie·

604 4067 714 4121 Nova

110 4163 266 4214 commercio
288 4163 370 4228 diver,
389 4167 464 4217 Curiis
486 4167 644 4231 appellatur,
683 4181 773 4232 gyrum
794 4171 926 4230 contorto,
944 4162 1012 4229 qued
1036 4161 1079 4212 bie
1100 4161 1166 4224 ruit,
1187 4159 1217 4210 rri

111 4241 383 4294 dictumsdlib·xxr.
682 4241 766 4301 fallor,
788 4243 897 4303 Liriur3
924 4246 1008 4291 uertex
1026 4253 1087 4288 reru
1106 4239 1139 4288 tle
1161 4245 1216 4288 tur-

146 4318 157 4352 ‘
181 4321 257 4370 Retro
274 4321 365 4371 vortice
385 4319 498 4386 [vertice]
517 4319 645 4384 intertum]
684 4319 891 4370 biueseuvcntc
904 4322 998 4367 rotato.
1033 4315 1216 4377 Virg.‘etn·

115 4395 185 4446 Num
199 4399 298 4460 potina,
308 4397 398 4446 vortice
408 4395 545 4446 armani
559 4403 645 4446 emita
685 4395 763 4462 pidus
774 4401 851 4445 vorat
862 4407 967 4460 oequure
977 4391 1089 4444 vertex.'

113 4473 183 4524 enim
199 4473 294 4524 dicitur
313 4473 346 4524 dc
367 4473 431 4525 mari
451 4473 506 4524 rire
523 4472 604 4525 fluctu
619 4473 644 4522 iu
