3259 5225
387 437 475 504 slus
871 449 907 498 r.
929 449 1026 499 urrrr
1042 441 1058 463 *

390 621 451 668 sus
461 606 487 638 ¹¹
510 597 566 664 die
581 596 676 664 dictu
691 595 752 663 Gn.
769 596 939 675 Fulvium,
951 597 995 662 ob
1006 595 1189 662 exercitum
1200 595 1234 661 iu
1246 594 1372 681 Apulis
1388 598 1489 664 arnis-

390 721 477 780 sum,
493 701 526 766 iu
541 700 760 766 concionibus
774 699 942 764 vexabat:
966 699 1110 764 ‘multos
1125 699 1367 782 imperatorss⁸
1389 705 1490 766 tems·

388 806 490 869 ritate
513 809 615 887 utque
640 801 854 867 inscientia¹²
877 801 1061 866 exercitum
1085 801 1120 865 in
1146 800 1258 864 locum
1283 803 1491 886 praecipitem

390 903 609 990 perduxisse’
629 904 809 969 dictitans:
842 905 1042 982 ‘nemiuem
1072 909 1194 986 praeter
1223 901 1287 968 On.
1317 901 1489 984 Fulvium,

390 1013 465 1072 aute
480 1007 670 1090 corrupisse
684 1006 842 1070 omnibus
864 1008 952 1072 vitiis
975 1008 1123 1090 legiones
1143 1025 1236 1085 snas,
1252 1025 1353 1091 quam
1368 1008 1491 1091 prode-

390 1116 450 1176 ret.
494 1111 615 1195 Itaque
636 1129 713 1174 vere
728 1107 796 1173 dici
812 1128 924 1193 posse,
940 1111 1031 1194 prius
1047 1129 1109 1174 uns
1124 1111 1263 1194 perisse,
1280 1128 1381 1193 quarn
1397 1111 1492 1176 vide·

389 1222 465 1279 runt
490 1214 641 1295 hostsm3
663 1233 727 1276 uec
752 1213 795 1276 ab
820 1212 1026 1290 Hannibale,
1049 1213 1110 1276 sed
1133 1212 1177 1276 ab
1198 1213 1396 1296 imperatore
1411 1233 1489 1291 suo,

390 1316 500 1380 victos
524 1334 612 1379 esse.
655 1313 847 1393 Neminem,
874 1333 951 1380 curu
973 1313 1165 1396 suffragium
1187 1315 1289 1392 ineat,
1313 1317 1396 1380 sutis
1419 1335 1492 1380 cer-

390 1437 479 1496 nere,
494 1419 549 1482 cui
569 1418 757 1500 imperium,
774 1421 829 1482 cui
850 1419 1034 1484 exercitum
1052 1419 1230 1501 permittat.
1276 1417 1370 1497 Quid
1391 1417 1491 1482 inter-

389 1521 495 1585 t'uisse
511 1521 596 1586 inter
609 1520 664 1584 Ti.
680 1521 936 1605 Semproniuml
951 1519 995 1570 ¹⁵¹
1038 1521 1124 1586 Cum
1137 1523 1168 1585 ei
1184 1541 1353 1586 servorum
1363 1521 1492 1585 exerci-

391 1629 447 1688 tus
462 1625 563 1689 dutus
575 1630 680 1702 esset,
693 1623 787 1688 brevi
807 1622 960 1689 effecisse
973 1623 1153 1707 disciplina
1168 1632 1270 1706 atquo
1285 1622 1437 1706 imperio,
1453 1629 1493 1686 ut

390 1747 488 1792 neruo
501 1747 614 1791 eorum
629 1727 761 1808 generis
775 1745 818 1791 ac
834 1727 1009 1809 sanguinis
1028 1727 1079 1790 sui
1101 1745 1226 1789 memor
1245 1726 1281 1789 in
1297 1726 1371 1788 acie
1388 1731 1492 1805 esset,

390 1830 552 1912 praesidio
563 1831 676 1905 sociis,
691 1829 847 1893 hostibus
863 1831 978 1893 terrori
994 1837 1117 1893 essent.
1162 1829 1300 1904 Cumas,
1316 1827 1492 1890 Beneven-

391 1939 488 2006 tum,⁸
510 1931 660 2013 aliusque
675 1931 774 1994 urbes
790 1949 849 1993 eos
863 1929 953 1994 velut
968 1949 987 1992 e
1002 1930 1157 1994 saucibus
1174 1928 1378 1993 Hannibalis
1396 1947 1493 2010 erep-

391 2043 446 2098 tas
462 2033 592 2116 populo
608 2032 766 2097 Romarm
777 2033 1007 2098 restituisses*
1049 2031 1112 2098 On.
1131 2031 1289 2096 Fulvium
1306 2028 1491 2108 Quiritium

345 2199 355 2224 Ι
392 2134 621 2199 Romanorum
645 2136 844 2212 exercitum,
864 2134 1002 2199 honeste
1024 2135 1162 2216 genitos,
1176 2134 1352 2198 liberaliter
1366 2132 1492 2198 educa-

392 2242 455 2312 tos,
482 2238 660 2301 servilibus
681 2239 774 2301 vitiis
797 2238 971 2302 imbuisse.
1016 2237 1104 2319 Ergo
1123 2236 1289 2313 effecisse,
1305 2241 1344 2299 ut
1363 2235 1492 2300 feroces

362 2339 365 2344 ’
390 2347 426 2403 et
438 2341 574 2424 inquieti
591 2342 679 2403 inter
693 2340 820 2418 sosine,
837 2341 949 2423 ignavi
969 2346 1002 2403 et
1025 2339 1178 2404 imbelles
1199 2339 1285 2402 iuter
1303 2337 1417 2402 hostes
1439 2355 1492 2400 es·

392 2447 479 2519 seut,
493 2462 554 2506 uec
568 2443 733 2525 impetum
755 2444 857 2507 modo
877 2441 1074 2520 Poenorum,
1090 2442 1152 2505 sed
1168 2461 1210 2506 ne
1225 2440 1403 2504 clamorem
1417 2439 1492 2522 qui·

391 2544 468 2608 dem
484 2546 650 2609 sustinere
664 2551 827 2627 possent„
861 2543 938 2610 Nec
960 2544 1109 2608 Hercule
1125 2545 1244 2608 mirum
1260 2562 1348 2622 esse,
1367 2541 1491 2606 milites

391 2647 425 2711 iu
441 2649 514 2713 acie
527 2667 593 2713 uon
609 2646 810 2727 stetissem
832 2668 908 2714 curu
924 2649 1053 2733 primus
1073 2650 1221 2715 omnium
1235 2648 1422 2731 imperator
1440 2644 1493 2711 fu·

857 2812 1041 2833 mnu?

390 2926 454 2962 eures
464 2912 597 2973 sora—itt
615 2912 657 2963 Al.
670 2914 840 2972 ferrent-ll
858 2916 947 2965 Blesus
966 2916 1064 2965 ul-li
1082 2916 1162 2963 lllultn
1178 2914 1343 2976 imperatorem
1359 2911 1493 2965 teneritate

390 2984 461 3040 dese
472 2978 570 3026 inscitia
581 2979 615 3025 sl.
652 2980 764 3029 eridsm
775 2980 933 3041 impmutmis.
951 2981 1013 3029 Pur.
1024 2982 1097 3029 multo
1108 2982 1334 3043 imperotores—lt
1352 2978 1492 3039 ‘Santoni

391 3042 483 3091 malint
495 3043 574 3090 scribi
586 3044 640 3104 uel,
650 3044 716 3097 Quis
731 3044 869 3103 interfuisse
879 3045 1014 3093 interiens
1024 3050 1048 3095 et
1061 3044 1090 3095 T.
1101 3044 1192 3107 Sempr.
1208 3046 1258 3103 sel,
1274 3044 1339 3099 Quiri
1356 3042 1494 3110 interfuisse

390 3106 451 3156 suns
463 3111 487 3155 et
500 3106 529 3155 Τ.
538 3108 630 3169 Sempr.
642 3109 693 3163 sel,
707 3109 773 3163 Quid
783 3110 922 3171 interfuisse
932 3110 995 3160 inter
1005 3110 1065 3159 bunc
1076 3114 1099 3158 et
1111 3110 1174 3158 inter
1186 3108 1214 3158 Τ.
1224 3110 1318 3170 Sempr.
1355 3107 1406 3156 Sed
1417 3106 1492 3171 ellip-

390 3172 431 3221 siu
449 3172 512 3221 ister
527 3172 589 3221 lssnc
605 3186 657 3221 unu
673 3174 774 3237 respuit
790 3173 902 3224 sortasse
919 3176 1038 3241 loquendi
1059 3189 1120 3223 usus
1139 3182 1167 3223 et
1185 3173 1317 3225 breuitss.'
1339 3174 1493 3236 During.-

890 3304 999 3355 NOTAE

422 3420 435 3447 0
450 3413 543 3462 Multos
556 3413 722 3481 imperatorer]
741 3416 818 3468 Hauc
831 3418 924 3469 iectio-
964 3427 1005 3471 ter
1018 3420 1066 3471 Cu.
1077 3419 1195 3470 Fulvium
1205 3424 1232 3469 et
1244 3419 1292 3470 Cn.
1301 3418 1493 3483 Sempronium.

391 3502 450 3539 uem
470 3491 574 3551 exigere
593 3491 715 3542 sidentur
731 3494 876 3559 sequeutia,
894 3505 924 3546 ut
963 3496 1016 3547 Sed
1032 3498 1095 3545 nihil
1110 3497 1205 3559 deerit,
1215 3497 1235 3545 si
1248 3496 1404 3559 scripturum
1418 3495 1492 3545 unius

390 3568 552 3631 compsrstio
562 3567 713 3619 instituatur
721 3572 790 3621 iuter
804 3572 852 3623 Cu.
863 3574 924 3623 Ful·
963 3588 979 3623 e
992 3572 1119 3623 Palatinis
1138 3572 1273 3622 codicibus
1284 3586 1432 3636 sequamur,
1450 3572 1493 3637 qui

391 3642 429 3692 vii
446 3649 473 3691 st
491 3643 599 3694 aliorum
616 3644 710 3695 ducum
722 3648 836 3711 culpam.
858 3649 923 3699 Esus
963 3657 1032 3700 teste
1044 3649 1178 3698 Grouorio
1189 3649 1277 3706 babet,
1289 3652 1345 3712 quid
1355 3648 1493 3709 astmsnim

391 3717 474 3767 Gron.
484 3720 552 3768 eruit
563 3734 596 3769 ex
609 3720 731 3771 Putesuo
742 3723 862 3781 meliors,
878 3725 922 3774 ubi
961 3720 1026 3777 inter
1044 3726 1138 3775 bunost
1157 3727 1211 3775 Tib.
1222 3727 1406 3790 Sempronium:
1424 3724 1493 3790 quod

389 3796 637 3861 nsuoinpsrutores,
653 3799 804 3863 cumvulgo
822 3801 921 3865 legere·
961 3803 1059 3867 malim,
1085 3817 1163 3867 qnam
1189 3803 1257 3866 quod
1282 3803 1398 3853 Gronov.
1423 3804 1491 3852 idern

392 3875 518 3922 tarantis
529 3873 695 3937 imperatorem
710 3877 843 3927 teneritate
853 3883 922 3942 utque
961 3879 1077 3943 subjicit,
1093 3879 1150 3941 quid
1168 3878 1381 3938 interfuissemus
1398 3884 1422 3929 et
1439 3878 1492 3928 l'ti.

391 3946 498 4012 inscitia,
510 3956 537 3997 et
549 3950 692 4014 inscriptis
710 3951 840 4018 plerisque
853 3964 922 4004 esset
960 3956 1139 4019 Sempronium:
1150 3970 1294 4021 quanquam
1305 3957 1380 4019 lrujus
1390 3970 1492 4020 quoque

390 4026 466 4075 mutto
483 4026 633 4089 inperatoris
646 4029 781 4079 teneritate
796 4036 867 4095 utque
883 4030 920 4080 in·
960 4034 1326 4100 loquendi'formoeexeurptum
1333 4034 1492 4096 effert,‘boc

391 4102 499 4150 scientis.
962 4118 1038 4177 pater
1049 4126 1080 4161 sc
1092 4112 1212 4161 domiuus
1224 4114 1352 4163 interest:

423 4174 509 4233 ‘Quis
526 4179 663 4241 interfuisse
677 4183 742 4232 inter
758 4185 798 4234 Ti.
810 4186 921 4249 Sempro·
994 4196 1007 4231 s
1025 4189 1121 4249 cunas,
1132 4188 1305 4251 Beneuentum]
1320 4187 1365 4237 Sic
1377 4186 1493 4237 restituit

390 4254 537 4316 sium]th
557 4260 660 4322 ellipsin
676 4265 818 4313 uotsuslsm
834 4272 922 4314 munet
963 4264 1249 4317 exPutennoGronor.
1277 4266 1382 4317 Editum
1398 4263 1493 4328 fueret,

391 4330 481 4392 Sigon.
493 4334 738 4398 subintelligendum
750 4340 819 4391 euim
831 4348 872 4393 est
884 4343 922 4390 iu·
962 4358 1014 4393 esns
1025 4345 1056 4393 ss
1066 4344 1234 4395 Beneuentum.
