<?xml version="1.0" encoding="UTF-8"?>
<!DOCTYPE html PUBLIC "-//W3C//DTD XHTML 1.0 Transitional//EN"
    "http://www.w3.org/TR/xhtml1/DTD/xhtml1-transitional.dtd">
<html xmlns="http://www.w3.org/1999/xhtml" xml:lang="en" lang="en">
 <head>
  <title>
</title>
<meta http-equiv="Content-Type" content="text/html;charset=utf-8" />
  <meta name='ocr-system' content='tesseract 3.04.00' />
  <meta name='ocr-capabilities' content='ocr_page ocr_carea ocr_par ocr_line ocrx_word'/>
</head>
<body>
  <div class='ocr_page' id='page_1' title='image "./tliviipatavinih04rupegoog_0063.png"; bbox 0 0 3259 5225; ppageno 0'>
   <div class='ocr_carea' id='block_1_1' title="bbox 498 556 1236 623">
    <p class='ocr_par' dir='ltr' id='par_1_1' title="bbox 498 556 1236 623">
     <span class='ocr_line' id='line_1_1' title="bbox 498 556 1236 623; baseline 0 0"><span class='ocrx_word' id='word_1_1' title='bbox 498 576 572 623; x_wconf 78' lang='lat' dir='ltr'><strong>ara.</strong></span> <span class='ocrx_word' id='word_1_2' title='bbox 595 573 695 623; x_wconf 83' lang='lat' dir='ltr'>xxv.</span> <span class='ocrx_word' id='word_1_3' title='bbox 716 572 799 623; x_wconf 84' lang='lat' dir='ltr'><strong>car.</strong></span> <span class='ocrx_word' id='word_1_4' title='bbox 821 556 875 623; x_wconf 80' lang='lat'><strong>23.</strong></span> <span class='ocrx_word' id='word_1_5' title='bbox 1147 557 1236 623; x_wconf 69' lang='lat' dir='ltr'><strong>alan</strong></span> 
     </span>
    </p>
   </div>
   <div class='ocr_carea' id='block_1_2' title="bbox 84 715 1271 2551">
    <p class='ocr_par' dir='ltr' id='par_1_2' title="bbox 84 715 1271 2551">
     <span class='ocr_line' id='line_1_2' title="bbox 127 715 1234 801; baseline -0.004 -16"><span class='ocrx_word' id='word_1_6' title='bbox 127 722 371 798; x_wconf 68' lang='lat' dir='ltr'><strong>commearent,</strong></span> <span class='ocrx_word' id='word_1_7' title='bbox 385 736 475 784; x_wconf 89' lang='lat' dir='ltr'><strong>nnus</strong></span> <span class='ocrx_word' id='word_1_8' title='bbox 489 738 533 782; x_wconf 83' lang='lat' dir='ltr'><strong>ex</strong></span> <span class='ocrx_word' id='word_1_9' title='bbox 549 715 725 793; x_wconf 83' lang='lat' dir='ltr'><strong>Romanis,</strong></span> <span class='ocrx_word' id='word_1_10' title='bbox 741 736 787 782; x_wconf 84' lang='lat' dir='ltr'><strong>ex</strong></span> <span class='ocrx_word' id='word_1_11' title='bbox 803 718 997 801; x_wconf 88' lang='lat' dir='ltr'><strong>propinquo</strong></span> <span class='ocrx_word' id='word_1_12' title='bbox 1011 734 1139 781; x_wconf 88' lang='lat' dir='ltr'><strong>murum</strong></span> <span class='ocrx_word' id='word_1_13' title='bbox 1154 736 1234 782; x_wconf 89' lang='lat' dir='ltr'><strong>oon·</strong></span> 
     </span>
     <span class='ocr_line' id='line_1_3' title="bbox 128 818 1234 905; baseline 0 -20"><span class='ocrx_word' id='word_1_14' title='bbox 128 823 330 905; x_wconf 79' lang='lat' dir='ltr'><strong>temptatus,</strong></span> <span class='ocrx_word' id='word_1_15' title='bbox 341 820 553 887; x_wconf 89' lang='lat' dir='ltr'><strong>numerando</strong></span> <span class='ocrx_word' id='word_1_16' title='bbox 568 820 703 905; x_wconf 86' lang='lat' dir='ltr'><strong>lapides</strong></span> <span class='ocrx_word' id='word_1_17' title='bbox 726 818 998 902; x_wconf 76' lang='lat' dir='ltr'><strong>aestimandoque</strong></span> <span class='ocrx_word' id='word_1_18' title='bbox 1015 818 1090 903; x_wconf 81' lang='lat' dir='ltr'><strong>ipse</strong></span> <span class='ocrx_word' id='word_1_19' title='bbox 1107 838 1234 898; x_wconf 89' lang='lat' dir='ltr'><strong>secum,</strong></span> 
     </span>
     <span class='ocr_line' id='line_1_4' title="bbox 128 920 1235 1008; baseline 0.002 -23"><span class='ocrx_word' id='word_1_20' title='bbox 128 923 216 1005; x_wconf 94' lang='lat' dir='ltr'><strong>quid</strong></span> <span class='ocrx_word' id='word_1_21' title='bbox 237 924 275 989; x_wconf 92' lang='lat' dir='ltr'><strong>in</strong></span> <span class='ocrx_word' id='word_1_22' title='bbox 295 923 403 989; x_wconf 82' lang='lat' dir='ltr'><strong>fronte</strong></span> <span class='ocrx_word' id='word_1_23' title='bbox 416 928 589 1008; x_wconf 85' lang='lat' dir='ltr'><strong>paterent¹</strong></span> <span class='ocrx_word' id='word_1_24' title='bbox 612 922 749 1005; x_wconf 81' lang='lat' dir='ltr'><strong>singuli,¹</strong></span> <span class='ocrx_word' id='word_1_25' title='bbox 765 920 994 987; x_wconf 83' lang='lat' dir='ltr'><strong>altitudinem⁸</strong></span> <span class='ocrx_word' id='word_1_26' title='bbox 1014 923 1110 999; x_wconf 90' lang='lat' dir='ltr'><strong>muri,</strong></span> <span class='ocrx_word' id='word_1_27' title='bbox 1126 942 1235 1005; x_wconf 88' lang='lat' dir='ltr'><strong>quan·</strong></span> 
     </span>
     <span class='ocr_line' id='line_1_5' title="bbox 128 1024 1233 1110; baseline 0.002 -21"><span class='ocrx_word' id='word_1_28' title='bbox 128 1032 203 1089; x_wconf 91' lang='lat' dir='ltr'><strong>tum</strong></span> <span class='ocrx_word' id='word_1_29' title='bbox 218 1026 373 1109; x_wconf 84' lang='lat' dir='ltr'><strong>proxime</strong></span> <span class='ocrx_word' id='word_1_30' title='bbox 399 1025 591 1110; x_wconf 76' lang='lat' dir='ltr'><strong>conjectura</strong></span> <span class='ocrx_word' id='word_1_31' title='bbox 612 1030 758 1109; x_wconf 83' lang='lat' dir='ltr'><strong>poterat,</strong></span> <span class='ocrx_word' id='word_1_32' title='bbox 779 1044 988 1109; x_wconf 78' lang='lat' dir='ltr'>permensus,</span> <span class='ocrx_word' id='word_1_33' title='bbox 1012 1024 1233 1091; x_wconf 87' lang='lat' dir='ltr'><strong>humiliorem·</strong></span> 
     </span>
     <span class='ocr_line' id='line_1_6' title="bbox 128 1128 1233 1213; baseline 0.001 -20"><span class='ocrx_word' id='word_1_34' title='bbox 128 1146 197 1211; x_wconf 90' lang='lat' dir='ltr'><strong>que</strong></span> <span class='ocrx_word' id='word_1_35' title='bbox 212 1128 389 1213; x_wconf 86' lang='lat' dir='ltr'><strong>aliquanto</strong></span> <span class='ocrx_word' id='word_1_36' title='bbox 403 1129 547 1212; x_wconf 83' lang='lat' dir='ltr'><strong>pristina</strong></span> <span class='ocrx_word' id='word_1_37' title='bbox 560 1128 720 1213; x_wconf 86' lang='lat' dir='ltr'><strong>opinione</strong></span> <span class='ocrx_word' id='word_1_38' title='bbox 741 1148 806 1193; x_wconf 88' lang='lat' dir='ltr'><strong>sna</strong></span> <span class='ocrx_word' id='word_1_39' title='bbox 820 1135 854 1192; x_wconf 92' lang='lat' dir='ltr'><strong>et</strong></span> <span class='ocrx_word' id='word_1_40' title='bbox 874 1134 1060 1192; x_wconf 87' lang='lat' dir='ltr'><strong>ceterorum</strong></span> <span class='ocrx_word' id='word_1_41' title='bbox 1083 1128 1233 1194; x_wconf 90' lang='lat' dir='ltr'><strong>omnium</strong></span> 
     </span>
     <span class='ocr_line' id='line_1_7' title="bbox 127 1228 1233 1313; baseline 0.003 -20"><span class='ocrx_word' id='word_1_42' title='bbox 127 1237 224 1295; x_wconf 87' lang='lat' dir='ltr'><strong>ratus</strong></span> <span class='ocrx_word' id='word_1_43' title='bbox 238 1250 315 1295; x_wconf 89' lang='lat' dir='ltr'><strong>esse</strong></span> <span class='ocrx_word' id='word_1_44' title='bbox 333 1238 369 1297; x_wconf 89' lang='lat' dir='ltr'><strong>et</strong></span> <span class='ocrx_word' id='word_1_45' title='bbox 384 1232 440 1297; x_wconf 87' lang='lat' dir='ltr'><strong>rel</strong></span> <span class='ocrx_word' id='word_1_46' title='bbox 454 1232 682 1296; x_wconf 82' lang='lat' dir='ltr'><strong>mediocribus</strong></span> <span class='ocrx_word' id='word_1_47' title='bbox 704 1230 806 1295; x_wconf 85' lang='lat' dir='ltr'><strong>scalis</strong></span> <span class='ocrx_word' id='word_1_48' title='bbox 825 1230 1064 1313; x_wconf 80' lang='lat' dir='ltr'><strong>superabilem,</strong></span> <span class='ocrx_word' id='word_1_49' title='bbox 1079 1230 1122 1295; x_wconf 88' lang='lat' dir='ltr'><strong>ad</strong></span> <span class='ocrx_word' id='word_1_50' title='bbox 1139 1228 1233 1296; x_wconf 84' lang='lat' dir='ltr'><strong>Mar·</strong></span> 
     </span>
     <span class='ocr_line' id='line_1_8' title="bbox 127 1331 1232 1417; baseline 0.002 -20"><span class='ocrx_word' id='word_1_51' title='bbox 127 1332 253 1397; x_wconf 87' lang='lat' dir='ltr'><strong>cellum</strong></span> <span class='ocrx_word' id='word_1_52' title='bbox 278 1354 348 1399; x_wconf 85' lang='lat' dir='ltr'><strong>rem</strong></span> <span class='ocrx_word' id='word_1_53' title='bbox 372 1334 502 1401; x_wconf 76' lang='lat' dir='ltr'><strong>desert.⁹</strong></span> <span class='ocrx_word' id='word_1_54' title='bbox 545 1332 655 1413; x_wconf 87' lang='lat' dir='ltr'><strong>Hand</strong></span> <span class='ocrx_word' id='word_1_55' title='bbox 682 1332 895 1417; x_wconf 86' lang='lat' dir='ltr'><strong>superneuda</strong></span> <span class='ocrx_word' id='word_1_56' title='bbox 917 1333 1003 1399; x_wconf 85' lang='lat' dir='ltr'><strong>visa.</strong></span> <span class='ocrx_word' id='word_1_57' title='bbox 1047 1331 1129 1412; x_wconf 88' lang='lat' dir='ltr'><strong>Sed,</strong></span> <span class='ocrx_word' id='word_1_58' title='bbox 1155 1351 1232 1399; x_wconf 87' lang='lat' dir='ltr'><strong>oum</strong></span> 
     </span>
     <span class='ocr_line' id='line_1_9' title="bbox 127 1434 1231 1522; baseline 0 -21"><span class='ocrx_word' id='word_1_59' title='bbox 127 1434 216 1501; x_wconf 88' lang='lat' dir='ltr'><strong>adiri</strong></span> <span class='ocrx_word' id='word_1_60' title='bbox 227 1435 339 1514; x_wconf 88' lang='lat' dir='ltr'><strong>locas,</strong></span> <span class='ocrx_word' id='word_1_61' title='bbox 360 1437 420 1522; x_wconf 92' lang='lat' dir='ltr'><strong>qui</strong></span> <span class='ocrx_word' id='word_1_62' title='bbox 443 1437 488 1501; x_wconf 91' lang='lat' dir='ltr'><strong>ob</strong></span> <span class='ocrx_word' id='word_1_63' title='bbox 510 1436 546 1501; x_wconf 95' lang='lat' dir='ltr'><strong>id</strong></span> <span class='ocrx_word' id='word_1_64' title='bbox 570 1437 684 1519; x_wconf 87' lang='lat' dir='ltr'><strong>ipsum</strong></span> <span class='ocrx_word' id='word_1_65' title='bbox 706 1434 869 1499; x_wconf 78' lang='lat' dir='ltr'><strong>intentius</strong></span> <span class='ocrx_word' id='word_1_66' title='bbox 883 1434 1146 1513; x_wconf 73' lang='lat' dir='ltr'><strong>custodiebatur,</strong></span> <span class='ocrx_word' id='word_1_67' title='bbox 1161 1455 1231 1501; x_wconf 90' lang='lat' dir='ltr'><strong>non</strong></span> 
     </span>
     <span class='ocr_line' id='line_1_10' title="bbox 84 1534 1231 1623; baseline 0.003 -21"><span class='ocrx_word' id='word_1_68' title='bbox 84 1534 91 1547; x_wconf 86' lang='lat'>&#39;</span> <span class='ocrx_word' id='word_1_69' title='bbox 125 1544 257 1620; x_wconf 83' lang='lat' dir='ltr'><strong>posset,</strong></span> <span class='ocrx_word' id='word_1_70' title='bbox 272 1540 411 1605; x_wconf 85' lang='lat' dir='ltr'><strong>occasio</strong></span> <span class='ocrx_word' id='word_1_71' title='bbox 427 1540 659 1623; x_wconf 74' lang='lat' dir='ltr'><strong>quaerebatur:</strong></span> <span class='ocrx_word' id='word_1_72' title='bbox 679 1556 781 1623; x_wconf 91' lang='lat' dir='ltr'><strong>quam</strong></span> <span class='ocrx_word' id='word_1_73' title='bbox 804 1537 928 1602; x_wconf 89' lang='lat' dir='ltr'><strong>obtulit</strong></span> <span class='ocrx_word' id='word_1_74' title='bbox 944 1538 1126 1621; x_wconf 79' lang='lat' dir='ltr'><strong>transfuga,</strong></span> <span class='ocrx_word' id='word_1_75' title='bbox 1149 1557 1231 1605; x_wconf 88' lang='lat' dir='ltr'><strong>nun·</strong></span> 
     </span>
     <span class='ocr_line' id='line_1_11' title="bbox 126 1640 1231 1725; baseline 0.003 -21"><span class='ocrx_word' id='word_1_76' title='bbox 126 1640 227 1718; x_wconf 88' lang='lat' dir='ltr'><strong>tiana,</strong></span> <span class='ocrx_word' id='word_1_77' title='bbox 243 1640 331 1707; x_wconf 88' lang='lat' dir='ltr'><strong>diem</strong></span> <span class='ocrx_word' id='word_1_78' title='bbox 344 1644 370 1680; x_wconf 81' lang='lat'><strong>¹⁰</strong></span> <span class='ocrx_word' id='word_1_79' title='bbox 390 1641 512 1707; x_wconf 84' lang='lat' dir='ltr'><strong>testum</strong></span> <span class='ocrx_word' id='word_1_80' title='bbox 527 1640 649 1705; x_wconf 76' lang='lat' dir='ltr'><strong>Dianae</strong></span> <span class='ocrx_word' id='word_1_81' title='bbox 661 1659 722 1723; x_wconf 86' lang='lat' dir='ltr'><strong>per</strong></span> <span class='ocrx_word' id='word_1_82' title='bbox 736 1640 904 1705; x_wconf 72' lang='lat' dir='ltr'><strong>triduuml</strong></span> <span class='ocrx_word' id='word_1_83' title='bbox 926 1640 991 1724; x_wconf 82' lang='lat' dir='ltr'><strong>agi,</strong></span> <span class='ocrx_word' id='word_1_84' title='bbox 1007 1645 1051 1719; x_wconf 81' lang='lat' dir='ltr'><strong>et,</strong></span> <span class='ocrx_word' id='word_1_85' title='bbox 1065 1640 1147 1725; x_wconf 90' lang='lat' dir='ltr'><strong>quia</strong></span> <span class='ocrx_word' id='word_1_86' title='bbox 1162 1640 1231 1707; x_wconf 88' lang='lat' dir='ltr'><strong>alie</strong></span> 
     </span>
     <span class='ocr_line' id='line_1_12' title="bbox 124 1741 1229 1827; baseline 0.002 -19"><span class='ocrx_word' id='word_1_87' title='bbox 124 1741 163 1809; x_wconf 87' lang='lat' dir='ltr'><strong>in</strong></span> <span class='ocrx_word' id='word_1_88' title='bbox 186 1744 366 1810; x_wconf 81' lang='lat' dir='ltr'><strong>obsidione</strong></span> <span class='ocrx_word' id='word_1_89' title='bbox 389 1745 514 1823; x_wconf 79' lang='lat' dir='ltr'><strong>desint,</strong></span> <span class='ocrx_word' id='word_1_90' title='bbox 541 1744 620 1808; x_wconf 88' lang='lat' dir='ltr'><strong>vino</strong></span> <span class='ocrx_word' id='word_1_91' title='bbox 644 1742 773 1825; x_wconf 80' lang='lat' dir='ltr'><strong>largius</strong></span> <span class='ocrx_word' id='word_1_92' title='bbox 796 1742 916 1827; x_wconf 84' lang='lat' dir='ltr'><strong>epulae</strong></span> <span class='ocrx_word' id='word_1_93' title='bbox 930 1743 1104 1824; x_wconf 87' lang='lat' dir='ltr'><strong>celebrari,</strong></span> <span class='ocrx_word' id='word_1_94' title='bbox 1125 1752 1163 1810; x_wconf 90' lang='lat' dir='ltr'><strong>et</strong></span> <span class='ocrx_word' id='word_1_95' title='bbox 1185 1747 1229 1810; x_wconf 88' lang='lat' dir='ltr'><strong>ab</strong></span> 
     </span>
     <span class='ocr_line' id='line_1_13' title="bbox 124 1845 1230 1939; baseline 0 -28"><span class='ocrx_word' id='word_1_96' title='bbox 124 1846 282 1939; x_wconf 79' lang='lat' dir='ltr'><strong>Epicyde</strong></span> <span class='ocrx_word' id='word_1_97' title='bbox 297 1849 442 1933; x_wconf 82' lang='lat' dir='ltr'><strong>praebito</strong></span> <span class='ocrx_word' id='word_1_98' title='bbox 456 1848 623 1914; x_wconf 82' lang='lat' dir='ltr'><strong>universae</strong></span> <span class='ocrx_word' id='word_1_99' title='bbox 639 1845 764 1930; x_wconf 86' lang='lat' dir='ltr'><strong>plebei,</strong></span> <span class='ocrx_word' id='word_1_100' title='bbox 782 1855 818 1911; x_wconf 89' lang='lat' dir='ltr'><strong>et</strong></span> <span class='ocrx_word' id='word_1_101' title='bbox 838 1864 897 1929; x_wconf 84' lang='lat' dir='ltr'><strong>per</strong></span> <span class='ocrx_word' id='word_1_102' title='bbox 912 1846 1019 1910; x_wconf 87' lang='lat' dir='ltr'><strong>tribus</strong></span> <span class='ocrx_word' id='word_1_103' title='bbox 1034 1865 1056 1910; x_wconf 90' lang='lat' dir='ltr'><strong>a</strong></span> <span class='ocrx_word' id='word_1_104' title='bbox 1070 1847 1230 1932; x_wconf 83' lang='lat' dir='ltr'><strong>principi·</strong></span> 
     </span>
     <span class='ocr_line' id='line_1_14' title="bbox 122 1946 1230 2034; baseline 0.004 -23"><span class='ocrx_word' id='word_1_105' title='bbox 122 1948 191 2013; x_wconf 88' lang='lat' dir='ltr'><strong>bus</strong></span> <span class='ocrx_word' id='word_1_106' title='bbox 207 1949 329 2015; x_wconf 83' lang='lat' dir='ltr'><strong>diviso.</strong></span> <span class='ocrx_word' id='word_1_107' title='bbox 374 1950 416 2017; x_wconf 96' lang='lat' dir='ltr'><strong>ld</strong></span> <span class='ocrx_word' id='word_1_108' title='bbox 430 1952 491 2015; x_wconf 94' lang='lat' dir='ltr'><strong>ubi</strong></span> <span class='ocrx_word' id='word_1_109' title='bbox 506 1951 640 2034; x_wconf 83' lang='lat' dir='ltr'><strong>accepit</strong></span> <span class='ocrx_word' id='word_1_110' title='bbox 656 1946 853 2027; x_wconf 73' lang='lat' dir='ltr'><strong>Marcellus,</strong></span> <span class='ocrx_word' id='word_1_111' title='bbox 881 1967 955 2015; x_wconf 88' lang='lat' dir='ltr'><strong>cum</strong></span> <span class='ocrx_word' id='word_1_112' title='bbox 980 1950 1099 2031; x_wconf 87' lang='lat' dir='ltr'><strong>paucis</strong></span> <span class='ocrx_word' id='word_1_113' title='bbox 1124 1950 1230 2015; x_wconf 91' lang='lat' dir='ltr'><strong>tribu·</strong></span> 
     </span>
     <span class='ocr_line' id='line_1_15' title="bbox 122 2052 1230 2137; baseline 0 -20"><span class='ocrx_word' id='word_1_114' title='bbox 122 2071 248 2118; x_wconf 88' lang='lat' dir='ltr'><strong>norum</strong></span> <span class='ocrx_word' id='word_1_115' title='bbox 261 2054 403 2120; x_wconf 89' lang='lat' dir='ltr'><strong>militum</strong></span> <span class='ocrx_word' id='word_1_116' title='bbox 417 2053 617 2128; x_wconf 87' lang='lat' dir='ltr'><strong>collocutus,</strong></span> <span class='ocrx_word' id='word_1_117' title='bbox 631 2052 818 2136; x_wconf 86' lang='lat' dir='ltr'><strong>electisque</strong></span> <span class='ocrx_word' id='word_1_118' title='bbox 842 2072 902 2137; x_wconf 83' lang='lat' dir='ltr'><strong>per</strong></span> <span class='ocrx_word' id='word_1_119' title='bbox 924 2071 985 2116; x_wconf 84' lang='lat' dir='ltr'><strong>eos</strong></span> <span class='ocrx_word' id='word_1_120' title='bbox 1011 2052 1054 2117; x_wconf 89' lang='lat' dir='ltr'><strong>ad</strong></span> <span class='ocrx_word' id='word_1_121' title='bbox 1074 2071 1143 2117; x_wconf 89' lang='lat' dir='ltr'><strong>rom</strong></span> <span class='ocrx_word' id='word_1_122' title='bbox 1156 2058 1230 2119; x_wconf 85' lang='lat' dir='ltr'><strong>tan·</strong></span> 
     </span>
     <span class='ocr_line' id='line_1_16' title="bbox 122 2154 1228 2239; baseline 0.002 -20"><span class='ocrx_word' id='word_1_123' title='bbox 122 2160 197 2219; x_wconf 90' lang='lat' dir='ltr'><strong>tam</strong></span> <span class='ocrx_word' id='word_1_124' title='bbox 211 2156 376 2239; x_wconf 77' lang='lat' dir='ltr'><strong>agendam</strong></span> <span class='ocrx_word' id='word_1_125' title='bbox 397 2155 656 2238; x_wconf 86' lang='lat' dir='ltr'><strong>audendamque</strong></span> <span class='ocrx_word' id='word_1_126' title='bbox 681 2154 809 2220; x_wconf 90' lang='lat' dir='ltr'><strong>idoneis</strong></span> <span class='ocrx_word' id='word_1_127' title='bbox 835 2155 1089 2221; x_wconf 84' lang='lat' dir='ltr'><strong>centurionibus</strong></span> <span class='ocrx_word' id='word_1_128' title='bbox 1115 2155 1228 2221; x_wconf 76' lang='lat' dir='ltr'><strong>militi-</strong></span> 
     </span>
     <span class='ocr_line' id='line_1_17' title="bbox 121 2256 1229 2341; baseline 0.004 -22"><span class='ocrx_word' id='word_1_129' title='bbox 121 2256 267 2340; x_wconf 83' lang='lat' dir='ltr'><strong>busque,</strong></span> <span class='ocrx_word' id='word_1_130' title='bbox 278 2265 313 2322; x_wconf 89' lang='lat' dir='ltr'><strong>et</strong></span> <span class='ocrx_word' id='word_1_131' title='bbox 323 2258 429 2325; x_wconf 84' lang='lat' dir='ltr'><strong>scalis</strong></span> <span class='ocrx_word' id='word_1_132' title='bbox 443 2260 479 2324; x_wconf 88' lang='lat' dir='ltr'><strong>in</strong></span> <span class='ocrx_word' id='word_1_133' title='bbox 494 2258 631 2323; x_wconf 89' lang='lat' dir='ltr'><strong>occulto</strong></span> <span class='ocrx_word' id='word_1_134' title='bbox 643 2258 861 2340; x_wconf 81' lang='lat' dir='ltr'><strong>comparatis,</strong></span> <span class='ocrx_word' id='word_1_135' title='bbox 877 2259 999 2323; x_wconf 90' lang='lat' dir='ltr'><strong>ceteris</strong></span> <span class='ocrx_word' id='word_1_136' title='bbox 1011 2258 1143 2341; x_wconf 73' lang='lat' dir='ltr'><strong>siguum</strong></span> <span class='ocrx_word' id='word_1_137' title='bbox 1155 2258 1229 2323; x_wconf 89' lang='lat' dir='ltr'><strong>dari</strong></span> 
     </span>
     <span class='ocr_line' id='line_1_18' title="bbox 118 2358 1229 2445; baseline 0.005 -23"><span class='ocrx_word' id='word_1_138' title='bbox 118 2358 247 2442; x_wconf 76' lang='lat' dir='ltr'><strong>jubet„</strong></span> <span class='ocrx_word' id='word_1_139' title='bbox 268 2369 307 2425; x_wconf 90' lang='lat' dir='ltr'><strong>ut</strong></span> <span class='ocrx_word' id='word_1_140' title='bbox 320 2366 448 2426; x_wconf 88' lang='lat' dir='ltr'><strong>mature</strong></span> <span class='ocrx_word' id='word_1_141' title='bbox 459 2379 602 2445; x_wconf 84' lang='lat' dir='ltr'><strong>corpora</strong></span> <span class='ocrx_word' id='word_1_142' title='bbox 617 2365 770 2423; x_wconf 80' lang='lat' dir='ltr'><strong>curarem</strong></span> <span class='ocrx_word' id='word_1_143' title='bbox 784 2360 959 2445; x_wconf 87' lang='lat' dir='ltr'><strong>quietique</strong></span> <span class='ocrx_word' id='word_1_144' title='bbox 973 2360 1107 2427; x_wconf 89' lang='lat' dir='ltr'><strong>darent:</strong></span> <span class='ocrx_word' id='word_1_145' title='bbox 1131 2367 1229 2427; x_wconf 87' lang='lat' dir='ltr'><strong>nocte</strong></span> 
     </span>
     <span class='ocr_line' id='line_1_19' title="bbox 120 2460 1271 2551; baseline 0.003 -26"><span class='ocrx_word' id='word_1_146' title='bbox 120 2460 157 2525; x_wconf 94' lang='lat' dir='ltr'><strong>in</strong></span> <span class='ocrx_word' id='word_1_147' title='bbox 169 2464 424 2547; x_wconf 82' lang='lat' dir='ltr'><strong>expeditionem</strong></span> <span class='ocrx_word' id='word_1_148' title='bbox 437 2462 582 2529; x_wconf 86' lang='lat' dir='ltr'><strong>eandum</strong></span> <span class='ocrx_word' id='word_1_149' title='bbox 597 2481 688 2528; x_wconf 86' lang='lat' dir='ltr'><strong>osse.</strong></span> <span class='ocrx_word' id='word_1_150' title='bbox 743 2461 828 2528; x_wconf 91' lang='lat' dir='ltr'><strong>Inde</strong></span> <span class='ocrx_word' id='word_1_151' title='bbox 852 2464 911 2528; x_wconf 91' lang='lat' dir='ltr'><strong>ubi</strong></span> <span class='ocrx_word' id='word_1_152' title='bbox 934 2462 969 2529; x_wconf 93' lang='lat' dir='ltr'><strong>id</strong></span> <span class='ocrx_word' id='word_1_153' title='bbox 993 2464 1155 2549; x_wconf 84' lang='lat' dir='ltr'><strong>temporis</strong></span> <span class='ocrx_word' id='word_1_154' title='bbox 1177 2463 1228 2528; x_wconf 80' lang='lat' dir='ltr'><strong>ri·</strong></span> <span class='ocrx_word' id='word_1_155' title='bbox 1265 2544 1271 2551; x_wconf 25' lang='grc' dir='ltr'><strong><em>ι</em></strong></span> 
     </span>
    </p>
   </div>
   <div class='ocr_carea' id='block_1_3' title="bbox 583 2645 765 2668">
    <p class='ocr_par' dir='ltr' id='par_1_3' title="bbox 583 2645 765 2668">
     <span class='ocr_line' id='line_1_20' title="bbox 583 2645 765 2668; baseline 0.011 -2"><span class='ocrx_word' id='word_1_156' title='bbox 583 2645 765 2668; x_wconf 61' lang='lat' dir='ltr'><strong>Um</strong></span> 
     </span>
    </p>
   </div>
   <div class='ocr_carea' id='block_1_4' title="bbox 117 2761 1227 3092">
    <p class='ocr_par' dir='ltr' id='par_1_4' title="bbox 117 2761 1227 3092">
     <span class='ocr_line' id='line_1_21' title="bbox 118 2761 1225 2828; baseline 0.002 -14"><span class='ocrx_word' id='word_1_157' title='bbox 118 2761 261 2826; x_wconf 67' lang='lat' dir='ltr'><strong>argee—r</strong></span> <span class='ocrx_word' id='word_1_158' title='bbox 277 2763 346 2814; x_wconf 74' lang='lat' dir='ltr'><strong>add.</strong></span> <span class='ocrx_word' id='word_1_159' title='bbox 367 2772 429 2815; x_wconf 83' lang='lat' dir='ltr'><strong>anta</strong></span> <span class='ocrx_word' id='word_1_160' title='bbox 450 2765 532 2817; x_wconf 76' lang='lat' dir='ltr'><strong>tiron.</strong></span> <span class='ocrx_word' id='word_1_161' title='bbox 551 2765 760 2828; x_wconf 63' lang='lat' dir='ltr'><strong>magam-e</strong></span> <span class='ocrx_word' id='word_1_162' title='bbox 776 2764 871 2826; x_wconf 74' lang='lat' dir='ltr'><strong>Smer,</strong></span> <span class='ocrx_word' id='word_1_163' title='bbox 887 2765 928 2828; x_wconf 82' lang='lat' dir='ltr'><strong>qai</strong></span> <span class='ocrx_word' id='word_1_164' title='bbox 948 2763 975 2813; x_wconf 85' lang='lat' dir='ltr'><strong>is</strong></span> <span class='ocrx_word' id='word_1_165' title='bbox 993 2763 1080 2825; x_wconf 65' lang='lat' dir='ltr'><strong>‚strate</strong></span> <span class='ocrx_word' id='word_1_166' title='bbox 1099 2769 1225 2828; x_wconf 66' lang='lat' dir='ltr'><strong>meast:</strong></span> 
     </span>
     <span class='ocr_line' id='line_1_22' title="bbox 118 2827 1227 2892; baseline 0.002 -15"><span class='ocrx_word' id='word_1_167' title='bbox 118 2828 194 2877; x_wconf 73' lang='lat' dir='ltr'><strong>sistat</strong></span> <span class='ocrx_word' id='word_1_168' title='bbox 210 2831 256 2878; x_wconf 83' lang='lat' dir='ltr'><strong>att·</strong></span> <span class='ocrx_word' id='word_1_169' title='bbox 273 2829 343 2878; x_wconf 80' lang='lat' dir='ltr'><strong>Edd.</strong></span> <span class='ocrx_word' id='word_1_170' title='bbox 360 2838 421 2880; x_wconf 89' lang='lat' dir='ltr'><strong>anta</strong></span> <span class='ocrx_word' id='word_1_171' title='bbox 435 2829 567 2881; x_wconf 72' lang='lat' dir='ltr'><strong>(stoa-e</strong></span> <span class='ocrx_word' id='word_1_172' title='bbox 584 2830 672 2892; x_wconf 76' lang='lat' dir='ltr'><strong>Refert</strong></span> <span class='ocrx_word' id='word_1_173' title='bbox 688 2830 755 2883; x_wconf 83' lang='lat' dir='ltr'><strong>Edd.</strong></span> <span class='ocrx_word' id='word_1_174' title='bbox 775 2828 904 2880; x_wconf 84' lang='lat' dir='ltr'><strong>nonnulli:</strong></span> <span class='ocrx_word' id='word_1_175' title='bbox 924 2843 985 2878; x_wconf 81' lang='lat' dir='ltr'><strong>mox</strong></span> <span class='ocrx_word' id='word_1_176' title='bbox 1004 2827 1079 2878; x_wconf 80' lang='lat' dir='ltr'><strong>Hasd</strong></span> <span class='ocrx_word' id='word_1_177' title='bbox 1094 2831 1227 2892; x_wconf 60' lang='lat' dir='ltr'><strong>spumando</strong></span> 
     </span>
     <span class='ocr_line' id='line_1_23' title="bbox 117 2892 1226 2948; baseline 0.002 -6"><span class='ocrx_word' id='word_1_178' title='bbox 117 2907 160 2942; x_wconf 79' lang='lat' dir='ltr'><strong>rar</strong></span> <span class='ocrx_word' id='word_1_179' title='bbox 172 2892 229 2943; x_wconf 79' lang='lat' dir='ltr'><strong>cias</strong></span> <span class='ocrx_word' id='word_1_180' title='bbox 247 2893 316 2946; x_wconf 80' lang='lat' dir='ltr'><strong>add.</strong></span> <span class='ocrx_word' id='word_1_181' title='bbox 335 2903 397 2946; x_wconf 88' lang='lat' dir='ltr'><strong>ante</strong></span> <span class='ocrx_word' id='word_1_182' title='bbox 411 2895 592 2945; x_wconf 63' lang='lat' dir='ltr'><strong>Gronau-tt</strong></span> <span class='ocrx_word' id='word_1_183' title='bbox 607 2896 685 2945; x_wconf 86' lang='lat' dir='ltr'><strong>‘Vos</strong></span> <span class='ocrx_word' id='word_1_184' title='bbox 695 2895 758 2946; x_wconf 73' lang='lat' dir='ltr'><strong>dies·</strong></span> <span class='ocrx_word' id='word_1_185' title='bbox 768 2895 882 2946; x_wconf 84' lang='lat' dir='ltr'><strong>delenda</strong></span> <span class='ocrx_word' id='word_1_186' title='bbox 894 2895 1031 2944; x_wconf 86' lang='lat' dir='ltr'><strong>ridebatur</strong></span> <span class='ocrx_word' id='word_1_187' title='bbox 1040 2895 1119 2948; x_wconf 86' lang='lat' dir='ltr'><strong>Crer.</strong></span> <span class='ocrx_word' id='word_1_188' title='bbox 1130 2903 1157 2944; x_wconf 82' lang='lat' dir='ltr'><strong>et</strong></span> <span class='ocrx_word' id='word_1_189' title='bbox 1167 2894 1226 2946; x_wconf 85' lang='lat' dir='ltr'><strong>Jao.</strong></span> 
     </span>
     <span class='ocr_line' id='line_1_24' title="bbox 119 2957 1226 3026; baseline 0 -18"><span class='ocrx_word' id='word_1_190' title='bbox 119 2957 239 3010; x_wconf 79' lang='lat' dir='ltr'><strong>Gronov.</strong></span> <span class='ocrx_word' id='word_1_191' title='bbox 271 2959 325 3010; x_wconf 76' lang='lat' dir='ltr'><strong>Sed</strong></span> <span class='ocrx_word' id='word_1_192' title='bbox 343 2960 430 3010; x_wconf 79' lang='lat' dir='ltr'><strong>Latini</strong></span> <span class='ocrx_word' id='word_1_193' title='bbox 446 2959 566 3011; x_wconf 77' lang='lat' dir='ltr'><strong>fortassis</strong></span> <span class='ocrx_word' id='word_1_194' title='bbox 582 2959 662 3010; x_wconf 85' lang='lat' dir='ltr'><strong>etiam</strong></span> <span class='ocrx_word' id='word_1_195' title='bbox 684 2961 794 3026; x_wconf 71' lang='lat' dir='ltr'><strong>omnum</strong></span> <span class='ocrx_word' id='word_1_196' title='bbox 811 2961 910 3010; x_wconf 85' lang='lat' dir='ltr'><strong>dierum</strong></span> <span class='ocrx_word' id='word_1_197' title='bbox 928 2959 1043 3009; x_wconf 86' lang='lat' dir='ltr'><strong>solennia</strong></span> <span class='ocrx_word' id='word_1_198' title='bbox 1061 2959 1226 3020; x_wconf 60' lang='lat' dir='ltr'><strong>Msertaa</strong></span> 
     </span>
     <span class='ocr_line' id='line_1_25' title="bbox 118 3021 1226 3092; baseline 0.002 -20"><span class='ocrx_word' id='word_1_199' title='bbox 118 3021 224 3089; x_wconf 86' lang='lat' dir='ltr'><strong>dieunt,</strong></span> <span class='ocrx_word' id='word_1_200' title='bbox 234 3030 265 3074; x_wconf 93' lang='lat' dir='ltr'><strong>nt</strong></span> <span class='ocrx_word' id='word_1_201' title='bbox 274 3024 350 3075; x_wconf 85' lang='lat' dir='ltr'><strong>unlus</strong></span> <span class='ocrx_word' id='word_1_202' title='bbox 366 3024 419 3076; x_wconf 87' lang='lat' dir='ltr'><strong>diei</strong></span> <span class='ocrx_word' id='word_1_203' title='bbox 432 3025 499 3092; x_wconf 78' lang='lat' dir='ltr'><strong>plur.</strong></span> <span class='ocrx_word' id='word_1_204' title='bbox 516 3040 588 3077; x_wconf 85' lang='grc' dir='ltr'><strong>ιιιιιιι.</strong></span> <span class='ocrx_word' id='word_1_205' title='bbox 602 3025 750 3090; x_wconf 60' lang='lat' dir='ltr'><strong>dium</strong></span> <span class='ocrx_word' id='word_1_206' title='bbox 766 3040 816 3077; x_wconf 82' lang='lat' dir='ltr'><strong>neo</strong></span> <span class='ocrx_word' id='word_1_207' title='bbox 827 3027 900 3077; x_wconf 88' lang='lat' dir='ltr'><strong>locus</strong></span> <span class='ocrx_word' id='word_1_208' title='bbox 911 3025 1002 3076; x_wconf 86' lang='lat' dir='ltr'><strong>Frout.</strong></span> <span class='ocrx_word' id='word_1_209' title='bbox 1018 3037 1064 3074; x_wconf 90' lang='grc' dir='ltr'><strong>ιιι.</strong></span> <span class='ocrx_word' id='word_1_210' title='bbox 1075 3027 1101 3075; x_wconf 76' lang='lat' dir='ltr'><strong>t.</strong></span> <span class='ocrx_word' id='word_1_211' title='bbox 1111 3027 1137 3074; x_wconf 69' lang='lat' dir='ltr'><strong>a.</strong></span> <span class='ocrx_word' id='word_1_212' title='bbox 1148 3024 1226 3090; x_wconf 84' lang='lat' dir='ltr'><strong>jurat</strong></span> 
     </span>
    </p>
   </div>
   <div class='ocr_carea' id='block_1_5' title="bbox 618 3205 729 3257">
    <p class='ocr_par' dir='ltr' id='par_1_5' title="bbox 618 3205 729 3257">
     <span class='ocr_line' id='line_1_26' title="bbox 618 3205 729 3257; baseline 0 0"><span class='ocrx_word' id='word_1_213' title='bbox 618 3205 729 3257; x_wconf 78' lang='lat' dir='ltr'>NOTAE</span> 
     </span>
    </p>
   </div>
   <div class='ocr_carea' id='block_1_6' title="bbox 111 3317 1224 4537">
    <p class='ocr_par' dir='ltr' id='par_1_6' title="bbox 111 3317 1224 4537">
     <span class='ocr_line' id='line_1_27' title="bbox 115 3317 1224 3385; baseline 0.002 -17"><span class='ocrx_word' id='word_1_214' title='bbox 115 3321 172 3368; x_wconf 82' lang='lat' dir='ltr'><strong>ten</strong></span> <span class='ocrx_word' id='word_1_215' title='bbox 182 3317 292 3383; x_wconf 64' lang='lat' dir='ltr'><strong>&#39;l&#39;ytlrm</strong></span> <span class='ocrx_word' id='word_1_216' title='bbox 307 3333 358 3384; x_wconf 81' lang='lat' dir='ltr'><strong>qua</strong></span> <span class='ocrx_word' id='word_1_217' title='bbox 371 3320 431 3372; x_wconf 82' lang='lat' dir='ltr'><strong>bae</strong></span> <span class='ocrx_word' id='word_1_218' title='bbox 441 3334 502 3372; x_wconf 87' lang='lat' dir='ltr'><strong>cam</strong></span> <span class='ocrx_word' id='word_1_219' title='bbox 518 3319 653 3372; x_wconf 78' lang='lat' dir='ltr'><strong>Aersdina</strong></span> <span class='ocrx_word' id='word_1_220' title='bbox 691 3335 744 3372; x_wconf 89' lang='lat' dir='ltr'><strong>aon</strong></span> <span class='ocrx_word' id='word_1_221' title='bbox 753 3319 835 3385; x_wconf 72' lang='lat' dir='ltr'><strong>magis</strong></span> <span class='ocrx_word' id='word_1_222' title='bbox 845 3319 905 3369; x_wconf 89' lang='lat' dir='ltr'><strong>mlbl</strong></span> <span class='ocrx_word' id='word_1_223' title='bbox 917 3317 1016 3369; x_wconf 83' lang='lat' dir='ltr'><strong>arridet</strong></span> <span class='ocrx_word' id='word_1_224' title='bbox 1024 3333 1101 3385; x_wconf 90' lang='lat' dir='ltr'><strong>quam</strong></span> <span class='ocrx_word' id='word_1_225' title='bbox 1112 3333 1224 3371; x_wconf 84' lang='lat' dir='ltr'><strong>commu·</strong></span> 
     </span>
     <span class='ocr_line' id='line_1_28' title="bbox 114 3396 1224 3464; baseline 0.004 -20"><span class='ocrx_word' id='word_1_226' title='bbox 114 3411 210 3448; x_wconf 80' lang='lat' dir='ltr'><strong>varana</strong></span> <span class='ocrx_word' id='word_1_227' title='bbox 228 3397 302 3447; x_wconf 86' lang='lat' dir='ltr'><strong>littus</strong></span> <span class='ocrx_word' id='word_1_228' title='bbox 319 3399 541 3464; x_wconf 74' lang='lat' dir='ltr'><strong>conjungebatur:</strong></span> <span class='ocrx_word' id='word_1_229' title='bbox 570 3407 602 3451; x_wconf 91' lang='lat' dir='ltr'><strong>ut</strong></span> <span class='ocrx_word' id='word_1_230' title='bbox 618 3414 652 3451; x_wconf 81' lang='lat' dir='ltr'><strong>ex</strong></span> <span class='ocrx_word' id='word_1_231' title='bbox 692 3400 731 3449; x_wconf 90' lang='lat' dir='ltr'><strong>nis</strong></span> <span class='ocrx_word' id='word_1_232' title='bbox 740 3396 1224 3461; x_wconf 70' lang='lat' dir='ltr'><strong>lentiaquaraliaurquidam,sedldo·</strong></span> 
     </span>
     <span class='ocr_line' id='line_1_29' title="bbox 115 3473 1223 3540; baseline 0.003 -17"><span class='ocrx_word' id='word_1_233' title='bbox 115 3473 266 3536; x_wconf 80' lang='lat' dir='ltr'><strong>requeatib.</strong></span> <span class='ocrx_word' id='word_1_234' title='bbox 293 3475 388 3540; x_wconf 77' lang='lat' dir='ltr'><strong>probat</strong></span> <span class='ocrx_word' id='word_1_235' title='bbox 417 3477 524 3527; x_wconf 78' lang='lat' dir='ltr'><strong>Closer.</strong></span> <span class='ocrx_word' id='word_1_236' title='bbox 558 3483 587 3527; x_wconf 88' lang='lat' dir='ltr'><strong>at</strong></span> <span class='ocrx_word' id='word_1_237' title='bbox 617 3490 652 3526; x_wconf 79' lang='lat' dir='ltr'><strong>aa</strong></span> <span class='ocrx_word' id='word_1_238' title='bbox 691 3473 1037 3534; x_wconf 82' lang='lat' dir='ltr'><strong>seambabetsautantiaur,</strong></span> <span class='ocrx_word' id='word_1_239' title='bbox 1051 3474 1223 3526; x_wconf 77' lang='lat' dir='ltr'><strong>utliomanas</strong></span> 
     </span>
     <span class='ocr_line' id='line_1_30' title="bbox 115 3549 1224 3616; baseline 0.003 -17"><span class='ocrx_word' id='word_1_240' title='bbox 115 3549 194 3599; x_wconf 86' lang='lat' dir='ltr'><strong>Plut.</strong></span> <span class='ocrx_word' id='word_1_241' title='bbox 207 3549 253 3614; x_wconf 89' lang='lat' dir='ltr'><strong>qui</strong></span> <span class='ocrx_word' id='word_1_242' title='bbox 265 3563 313 3613; x_wconf 76' lang='lat' dir='ltr'><strong>ner</strong></span> <span class='ocrx_word' id='word_1_243' title='bbox 325 3550 472 3615; x_wconf 64' lang='lat' dir='ltr'><strong>Gom</strong></span> <span class='ocrx_word' id='word_1_244' title='bbox 485 3553 579 3602; x_wconf 87' lang='lat' dir='ltr'><strong>turrim</strong></span> <span class='ocrx_word' id='word_1_245' title='bbox 590 3564 653 3602; x_wconf 86' lang='lat' dir='ltr'><strong>eon·</strong></span> <span class='ocrx_word' id='word_1_246' title='bbox 691 3553 746 3616; x_wconf 85' lang='lat' dir='ltr'><strong>illa,</strong></span> <span class='ocrx_word' id='word_1_247' title='bbox 760 3551 827 3601; x_wconf 83' lang='lat' dir='ltr'><strong>muri</strong></span> <span class='ocrx_word' id='word_1_248' title='bbox 843 3549 998 3615; x_wconf 73' lang='lat' dir='ltr'><strong>Syracusani</strong></span> <span class='ocrx_word' id='word_1_249' title='bbox 1016 3549 1115 3614; x_wconf 84' lang='lat' dir='ltr'><strong>lapides</strong></span> <span class='ocrx_word' id='word_1_250' title='bbox 1135 3565 1224 3602; x_wconf 85' lang='lat' dir='ltr'><strong>aurae·</strong></span> 
     </span>
     <span class='ocr_line' id='line_1_31' title="bbox 114 3626 1223 3692; baseline 0.002 -16"><span class='ocrx_word' id='word_1_251' title='bbox 114 3626 253 3677; x_wconf 81' lang='lat' dir='ltr'><strong>soerrdissa</strong></span> <span class='ocrx_word' id='word_1_252' title='bbox 266 3629 395 3680; x_wconf 81' lang='lat' dir='ltr'><strong>Romanos</strong></span> <span class='ocrx_word' id='word_1_253' title='bbox 405 3631 506 3683; x_wconf 85' lang='lat' dir='ltr'><strong>scribit.</strong></span> <span class='ocrx_word' id='word_1_254' title='bbox 532 3631 652 3681; x_wconf 84' lang='lat' dir='ltr'><strong>Eanuue</strong></span> <span class='ocrx_word' id='word_1_255' title='bbox 691 3627 1084 3692; x_wconf 84' lang='lat' dir='ltr'><strong>rando,eornmqnaurensuraur</strong></span> <span class='ocrx_word' id='word_1_256' title='bbox 1094 3628 1223 3678; x_wconf 77' lang='lat' dir='ltr'><strong>aestiman-</strong></span> 
     </span>
     <span class='ocr_line' id='line_1_32' title="bbox 114 3701 1223 3772; baseline -0.001 -18"><span class='ocrx_word' id='word_1_257' title='bbox 114 3701 191 3754; x_wconf 65' lang='grc' dir='ltr'><strong>θιὼ</strong></span> <span class='ocrx_word' id='word_1_258' title='bbox 204 3705 303 3756; x_wconf 77' lang='lat' dir='ltr'><strong>Graes.</strong></span> <span class='ocrx_word' id='word_1_259' title='bbox 691 3706 736 3772; x_wconf 92' lang='lat' dir='ltr'><strong>do,</strong></span> <span class='ocrx_word' id='word_1_260' title='bbox 747 3709 875 3771; x_wconf 83' lang='lat' dir='ltr'><strong>quatenus</strong></span> <span class='ocrx_word' id='word_1_261' title='bbox 887 3703 968 3754; x_wconf 85' lang='lat' dir='ltr'><strong>oculis</strong></span> <span class='ocrx_word' id='word_1_262' title='bbox 977 3702 1114 3768; x_wconf 80' lang='lat' dir='ltr'><strong>patebant,</strong></span> <span class='ocrx_word' id='word_1_263' title='bbox 1125 3711 1154 3754; x_wconf 85' lang='lat' dir='ltr'><strong>et</strong></span> <span class='ocrx_word' id='word_1_264' title='bbox 1165 3719 1223 3768; x_wconf 85' lang='lat' dir='ltr'><strong>per·</strong></span> 
     </span>
     <span class='ocr_line' id='line_1_33' title="bbox 148 3779 1223 3850; baseline 0.002 -22"><span class='ocrx_word' id='word_1_265' title='bbox 148 3786 163 3814; x_wconf 85' lang='lat'><em>¹</em></span> <span class='ocrx_word' id='word_1_266' title='bbox 181 3780 340 3831; x_wconf 73' lang='lat' dir='ltr'><strong>des</strong></span> <span class='ocrx_word' id='word_1_267' title='bbox 360 3781 452 3846; x_wconf 72' lang='lat' dir='ltr'><strong>lapidae</strong></span> <span class='ocrx_word' id='word_1_268' title='bbox 468 3782 652 3850; x_wconf 57' lang='lat' dir='ltr'><strong>animumque</strong></span> <span class='ocrx_word' id='word_1_269' title='bbox 692 3784 758 3850; x_wconf 78' lang='lat' dir='ltr'><strong>splot</strong></span> <span class='ocrx_word' id='word_1_270' title='bbox 778 3787 911 3846; x_wconf 77' lang='lat' dir='ltr'><strong>poterant,</strong></span> <span class='ocrx_word' id='word_1_271' title='bbox 938 3779 1082 3844; x_wconf 83' lang='lat' dir='ltr'><strong>conjecerit</strong></span> <span class='ocrx_word' id='word_1_272' title='bbox 1105 3780 1223 3830; x_wconf 73' lang='lat' dir='ltr'><strong>humilio·-</strong></span> 
     </span>
     <span class='ocr_line' id='line_1_34' title="bbox 112 3854 1222 3928; baseline -0.001 -20"><span class='ocrx_word' id='word_1_273' title='bbox 112 3854 522 3924; x_wconf 58' lang='grc' dir='ltr'><strong>ὴηκωφιίηφιῆὴίιωιιι</strong></span> <span class='ocrx_word' id='word_1_274' title='bbox 530 3863 652 3928; x_wconf 64' lang='lat' dir='ltr'><strong>petam]</strong></span> <span class='ocrx_word' id='word_1_275' title='bbox 691 3854 1222 3921; x_wconf 67' lang='lat' dir='ltr'><strong>remanemurumqnamereditumfue·</strong></span> 
     </span>
     <span class='ocr_line' id='line_1_35' title="bbox 114 3931 742 4002; baseline 0.003 -20"><span class='ocrx_word' id='word_1_276' title='bbox 114 3931 239 3997; x_wconf 80' lang='lat' dir='ltr'><strong>conjicit</strong></span> <span class='ocrx_word' id='word_1_277' title='bbox 249 3933 366 3985; x_wconf 79' lang='lat' dir='ltr'><strong>Gronov.</strong></span> <span class='ocrx_word' id='word_1_278' title='bbox 378 3935 436 3999; x_wconf 82' lang='lat' dir='ltr'><strong>qaid</strong></span> <span class='ocrx_word' id='word_1_279' title='bbox 449 3937 478 3985; x_wconf 84' lang='lat' dir='ltr'><strong>ta</strong></span> <span class='ocrx_word' id='word_1_280' title='bbox 487 3935 574 3997; x_wconf 76' lang='lat' dir='ltr'><strong>froats</strong></span> <span class='ocrx_word' id='word_1_281' title='bbox 583 3943 652 4002; x_wconf 77' lang='lat' dir='ltr'><strong>pota·</strong></span> <span class='ocrx_word' id='word_1_282' title='bbox 691 3943 742 3986; x_wconf 84' lang='lat' dir='ltr'><strong>rat.</strong></span> 
     </span>
     <span class='ocr_line' id='line_1_36' title="bbox 113 4007 1222 4075; baseline 0 -15"><span class='ocrx_word' id='word_1_283' title='bbox 113 4016 182 4072; x_wconf 81' lang='lat' dir='ltr'><strong>rest,</strong></span> <span class='ocrx_word' id='word_1_284' title='bbox 198 4009 280 4075; x_wconf 85' lang='lat' dir='ltr'><strong>idque</strong></span> <span class='ocrx_word' id='word_1_285' title='bbox 295 4011 323 4060; x_wconf 90' lang='lat' dir='ltr'><strong>in</strong></span> <span class='ocrx_word' id='word_1_286' title='bbox 334 4009 460 4061; x_wconf 79' lang='lat' dir='ltr'><strong>addendis</strong></span> <span class='ocrx_word' id='word_1_287' title='bbox 472 4011 652 4064; x_wconf 74' lang='lat' dir='ltr'><strong>confirmata:</strong></span> <span class='ocrx_word' id='word_1_288' title='bbox 722 4011 851 4061; x_wconf 69' lang='lat' dir='ltr'><strong>rreum</strong></span> <span class='ocrx_word' id='word_1_289' title='bbox 866 4009 956 4060; x_wconf 77' lang='lat' dir='ltr'><strong>Dicae</strong></span> <span class='ocrx_word' id='word_1_290' title='bbox 971 4021 1016 4072; x_wconf 80' lang='lat' dir='ltr'><strong>per</strong></span> <span class='ocrx_word' id='word_1_291' title='bbox 1037 4007 1153 4074; x_wconf 56' lang='lat' dir='ltr'><strong>indm]</strong></span> <span class='ocrx_word' id='word_1_292' title='bbox 1171 4009 1222 4060; x_wconf 80' lang='lat' dir='ltr'><strong>Ca·</strong></span> 
     </span>
     <span class='ocr_line' id='line_1_37' title="bbox 113 4082 1222 4152; baseline 0.001 -18"><span class='ocrx_word' id='word_1_293' title='bbox 113 4085 255 4134; x_wconf 74' lang='lat' dir='ltr'><strong>codicibus</strong></span> <span class='ocrx_word' id='word_1_294' title='bbox 270 4085 385 4136; x_wconf 80' lang='lat' dir='ltr'><strong>Paterni</strong></span> <span class='ocrx_word' id='word_1_295' title='bbox 408 4086 519 4150; x_wconf 82' lang='lat' dir='ltr'><strong>duobus,</strong></span> <span class='ocrx_word' id='word_1_296' title='bbox 536 4087 652 4152; x_wconf 83' lang='lat' dir='ltr'><strong>Patasll,</strong></span> <span class='ocrx_word' id='word_1_297' title='bbox 690 4087 828 4138; x_wconf 77' lang='lat' dir='ltr'><strong>lebrabunt</strong></span> <span class='ocrx_word' id='word_1_298' title='bbox 845 4087 938 4136; x_wconf 77' lang='lat' dir='ltr'><strong>Diana</strong></span> <span class='ocrx_word' id='word_1_299' title='bbox 957 4082 1054 4134; x_wconf 77' lang='lat' dir='ltr'><strong>terrum</strong></span> <span class='ocrx_word' id='word_1_300' title='bbox 1070 4084 1222 4151; x_wconf 84' lang='lat' dir='ltr'><strong>Artemisia,</strong></span> 
     </span>
     <span class='ocr_line' id='line_1_38' title="bbox 113 4159 1221 4232; baseline 0 -20"><span class='ocrx_word' id='word_1_301' title='bbox 113 4161 358 4224; x_wconf 70' lang='lat' dir='ltr'><strong>Heuardt,Vossii‚</strong></span> <span class='ocrx_word' id='word_1_302' title='bbox 374 4160 464 4226; x_wconf 75' lang='lat' dir='ltr'><strong>ondit,</strong></span> <span class='ocrx_word' id='word_1_303' title='bbox 477 4163 588 4229; x_wconf 76' lang='lat' dir='ltr'><strong>Mureti,</strong></span> <span class='ocrx_word' id='word_1_304' title='bbox 606 4167 651 4232; x_wconf 90' lang='lat' dir='ltr'><strong>qni</strong></span> <span class='ocrx_word' id='word_1_305' title='bbox 690 4170 721 4214; x_wconf 87' lang='lat' dir='ltr'><strong>at</strong></span> <span class='ocrx_word' id='word_1_306' title='bbox 730 4163 773 4214; x_wconf 88' lang='lat' dir='ltr'><strong>alil</strong></span> <span class='ocrx_word' id='word_1_307' title='bbox 784 4163 882 4229; x_wconf 79' lang='lat' dir='ltr'><strong>pepuli,</strong></span> <span class='ocrx_word' id='word_1_308' title='bbox 891 4162 930 4211; x_wconf 85' lang='lat' dir='ltr'><strong>alo</strong></span> <span class='ocrx_word' id='word_1_309' title='bbox 947 4169 974 4210; x_wconf 90' lang='lat' dir='ltr'><strong>et</strong></span> <span class='ocrx_word' id='word_1_310' title='bbox 985 4159 1149 4224; x_wconf 81' lang='lat' dir='ltr'><strong>Syracusani,</strong></span> <span class='ocrx_word' id='word_1_311' title='bbox 1161 4162 1221 4212; x_wconf 85' lang='lat' dir='ltr'><strong>sino</strong></span> 
     </span>
     <span class='ocr_line' id='line_1_39' title="bbox 113 4238 1220 4306; baseline 0.002 -18"><span class='ocrx_word' id='word_1_312' title='bbox 113 4251 166 4300; x_wconf 79' lang='lat' dir='ltr'><strong>pro</strong></span> <span class='ocrx_word' id='word_1_313' title='bbox 184 4238 257 4288; x_wconf 69' lang='lat' dir='ltr'><strong>aaut</strong></span> <span class='ocrx_word' id='word_1_314' title='bbox 272 4239 371 4290; x_wconf 73' lang='lat' dir='ltr'><strong>babent</strong></span> <span class='ocrx_word' id='word_1_315' title='bbox 383 4241 492 4303; x_wconf 51' lang='lat' dir='ltr'><strong>&amp;ealle</strong></span> <span class='ocrx_word' id='word_1_316' title='bbox 509 4241 604 4306; x_wconf 84' lang='lat' dir='ltr'><strong>qulbus</strong></span> <span class='ocrx_word' id='word_1_317' title='bbox 621 4249 651 4294; x_wconf 84' lang='lat' dir='ltr'><strong>at</strong></span> <span class='ocrx_word' id='word_1_318' title='bbox 689 4241 773 4292; x_wconf 89' lang='lat' dir='ltr'><strong>arulto</strong></span> <span class='ocrx_word' id='word_1_319' title='bbox 795 4250 824 4290; x_wconf 88' lang='lat' dir='ltr'><strong>et</strong></span> <span class='ocrx_word' id='word_1_320' title='bbox 844 4242 911 4299; x_wconf 87' lang='lat' dir='ltr'><strong>lusu,</strong></span> <span class='ocrx_word' id='word_1_321' title='bbox 933 4239 1077 4289; x_wconf 84' lang='lat' dir='ltr'><strong>Plutarcho</strong></span> <span class='ocrx_word' id='word_1_322' title='bbox 1099 4247 1168 4290; x_wconf 85' lang='lat' dir='ltr'><strong>teate</strong></span> <span class='ocrx_word' id='word_1_323' title='bbox 1193 4241 1220 4290; x_wconf 91' lang='lat' dir='ltr'><strong>in</strong></span> 
     </span>
     <span class='ocr_line' id='line_1_40' title="bbox 115 4313 1219 4382; baseline 0.005 -19"><span class='ocrx_word' id='word_1_324' title='bbox 115 4313 215 4376; x_wconf 68' lang='lat' dir='ltr'><strong>Regias</strong></span> <span class='ocrx_word' id='word_1_325' title='bbox 226 4329 291 4364; x_wconf 86' lang='lat' dir='ltr'><strong>sans</strong></span> <span class='ocrx_word' id='word_1_326' title='bbox 302 4317 430 4380; x_wconf 73' lang='lat' dir='ltr'><strong>congruit,</strong></span> <span class='ocrx_word' id='word_1_327' title='bbox 441 4322 470 4366; x_wconf 82' lang='lat' dir='ltr'><strong>et</strong></span> <span class='ocrx_word' id='word_1_328' title='bbox 480 4318 556 4368; x_wconf 85' lang='lat' dir='ltr'><strong>colb.</strong></span> <span class='ocrx_word' id='word_1_329' title='bbox 565 4319 612 4368; x_wconf 88' lang='lat' dir='ltr'><strong>red</strong></span> <span class='ocrx_word' id='word_1_330' title='bbox 623 4321 649 4368; x_wconf 89' lang='lat' dir='ltr'><strong>in</strong></span> <span class='ocrx_word' id='word_1_331' title='bbox 690 4319 827 4374; x_wconf 77' lang='lat' dir='ltr'><strong>Marcello,</strong></span> <span class='ocrx_word' id='word_1_332' title='bbox 850 4331 883 4367; x_wconf 80' lang='lat' dir='ltr'><strong>ax</strong></span> <span class='ocrx_word' id='word_1_333' title='bbox 905 4331 956 4382; x_wconf 89' lang='lat' dir='ltr'><strong>quo</strong></span> <span class='ocrx_word' id='word_1_334' title='bbox 978 4317 1109 4366; x_wconf 81' lang='lat' dir='ltr'><strong>Meuraiua</strong></span> <span class='ocrx_word' id='word_1_335' title='bbox 1132 4317 1219 4368; x_wconf 72' lang='lat' dir='ltr'><strong>Grac.</strong></span> 
     </span>
     <span class='ocr_line' id='line_1_41' title="bbox 111 4388 872 4456; baseline 0.007 -19"><span class='ocrx_word' id='word_1_336' title='bbox 111 4388 152 4438; x_wconf 75' lang='lat' dir='ltr'><strong>als</strong></span> <span class='ocrx_word' id='word_1_337' title='bbox 168 4389 268 4454; x_wconf 66' lang='lat' dir='ltr'><strong>legitur</strong></span> <span class='ocrx_word' id='word_1_338' title='bbox 284 4392 395 4455; x_wconf 63' lang='lat' dir='ltr'><strong>qainon</strong></span> <span class='ocrx_word' id='word_1_339' title='bbox 414 4394 482 4456; x_wconf 83' lang='lat' dir='ltr'><strong>qaid.</strong></span> <span class='ocrx_word' id='word_1_340' title='bbox 515 4395 564 4445; x_wconf 75' lang='lat' dir='ltr'><strong>Eat</strong></span> <span class='ocrx_word' id='word_1_341' title='bbox 579 4395 649 4445; x_wconf 86' lang='lat' dir='ltr'><strong>anias</strong></span> <span class='ocrx_word' id='word_1_342' title='bbox 690 4393 872 4445; x_wconf 76' lang='lat' dir='ltr'><strong>Fariatlibr.</strong></span> 
     </span>
     <span class='ocr_line' id='line_1_42' title="bbox 114 4463 1220 4537; baseline -0.004 -11"><span class='ocrx_word' id='word_1_343' title='bbox 114 4464 155 4528; x_wconf 64' lang='lat'><strong>⁹¹5</strong></span> <span class='ocrx_word' id='word_1_344' title='bbox 170 4465 199 4514; x_wconf 69' lang='grc' dir='ltr'><strong>ἱ·</strong></span> <span class='ocrx_word' id='word_1_345' title='bbox 210 4463 297 4525; x_wconf 77' lang='lat' dir='ltr'><strong>smtr</strong></span> <span class='ocrx_word' id='word_1_346' title='bbox 310 4473 422 4531; x_wconf 61' lang='lat' dir='ltr'><strong>ptum</strong></span> <span class='ocrx_word' id='word_1_347' title='bbox 436 4470 537 4533; x_wconf 66' lang='grc' dir='ltr'><strong>ιίιιςιιιί.</strong></span> <span class='ocrx_word' id='word_1_348' title='bbox 569 4471 648 4524; x_wconf 76' lang='lat' dir='ltr'><strong>Quod</strong></span> <span class='ocrx_word' id='word_1_349' title='bbox 721 4469 852 4535; x_wconf 60' lang='lat' dir='ltr'><strong>raim</strong></span> <span class='ocrx_word' id='word_1_350' title='bbox 868 4471 923 4523; x_wconf 81' lang='lat' dir='ltr'><strong>dart</strong></span> <span class='ocrx_word' id='word_1_351' title='bbox 937 4469 1020 4537; x_wconf 74' lang='lat' dir='ltr'><strong>iubat]</strong></span> <span class='ocrx_word' id='word_1_352' title='bbox 1036 4471 1133 4523; x_wconf 84' lang='lat' dir='ltr'><strong>vocale</strong></span> <span class='ocrx_word' id='word_1_353' title='bbox 1150 4485 1220 4522; x_wconf 88' lang='lat' dir='ltr'><strong>nam·</strong></span> 
     </span>
    </p>
   </div>
   <div class='ocr_carea' id='block_1_7' title="bbox 0 0 1634 5225">
    <p class='ocr_par' dir='ltr' id='par_1_7' title="bbox 0 0 1634 5225">
     <span class='ocr_line' id='line_1_43' title="bbox 0 0 1634 5225; baseline 0 5"><span class='ocrx_word' id='word_1_354' title='bbox 0 0 1634 5225; x_wconf 95' lang='lat' dir='ltr'><strong> </strong></span> 
     </span>
    </p>
   </div>
  </div>
 </body>
</html>
