3259 5225
415 573 502 638 2161
883 591 918 642 τ.
943 592 1040 641 mvn

449 715 542 780 refert,
550 724 577 767 et
590 717 714 782 templum
724 716 844 767 Feronia
855 717 974 768 omnibns
986 719 1081 784 rpoliut
1092 717 1175 770 donia.
1193 719 1306 770 lzlnde
1316 721 1395 771 celeri
1405 735 1482 771 curm
1491 723 1519 770 in

449 799 582 848 Bruttium
590 813 680 864 agrum
692 797 838 854 contendit,
849 805 876 848 et
887 799 994 848 Fuluius
1006 797 1076 850 redit
1087 799 1219 860 Capuam:
1237 800 1282 850 ubi
1293 801 1424 864 principer
1432 800 1519 850 domi·

448 881 498 931 buc
515 880 608 930 inclusi
620 881 714 944 patria
732 893 853 930 occanum
871 879 897 928 iu
915 879 972 929 dier
989 887 1142 944 expectant,
1154 881 1324 946 prefectique
1338 883 1451 946 pruidii
1462 883 1521 930 Pu-

447 963 512 1024 nici,
522 963 618 1012 Breur
633 969 662 1012 et
672 961 778 1024 liauuo,
787 961 889 1022 literar,
899 975 992 1026 arpern
1007 961 1039 1010 ad
1055 961 1228 1012 Hannibalem
1245 963 1418 1028 contemptae,
1427 961 1520 1026 perse·

447 1043 541 1092 rendae
558 1043 666 1093 tradunt
687 1041 814 1097 tiu-idio,
826 1041 871 1106 qni
891 1043 979 1104 apecie
990 1041 1095 1107 quidem
1117 1042 1306 1107 tranofnparam
1325 1045 1351 1093 in
1363 1053 1451 1094 caetra
1462 1046 1519 1094 Ro-

447 1139 525 1174 manu
536 1123 655 1184 veninat,
664 1131 695 1174 ut
705 1122 767 1173 inde
777 1122 873 1171 abeant
884 1127 1002 1186 tempore
1012 1130 1101 1186 capto,
1111 1124 1157 1172 red
1170 1139 1185 1173 n
1197 1125 1303 1175 muliere
1313 1126 1447 1188 Campana
1455 1139 1520 1188 pro-

447 1206 496 1254 diti
507 1203 764 1270 comprehenduntur
779 1211 808 1253 et
824 1203 931 1253 mulcati
944 1204 1024 1269 virgin
1043 1205 1212 1270 mauibnaque
1227 1206 1344 1270 pruciaia
1359 1206 1522 1270 rediguntur

448 1287 576 1350 capuam.
613 1288 656 1335 rt.
673 1284 823 1349 llaJ'orjum
835 1290 942 1334 cenatur
954 1298 1013 1348 parr
1026 1285 1126 1348 legetur
1140 1285 1173 1335 dc
1185 1301 1250 1350 pace
1261 1287 1402 1336 mittendoa
1413 1295 1520 1350 ceuaet,

446 1367 617 1432 nequicquam
628 1364 778 1430 refragante
788 1363 869 1413 Vibio
878 1364 973 1420 Virrio,
985 1364 1139 1416 defectionia
1150 1367 1185 1416 ab
1201 1368 1323 1418 Romanii
1340 1375 1458 1426 auctore,
1468 1369 1520 1432 qui

446 1449 549 1511 anadet,
560 1455 590 1497 et
599 1455 684 1498 morte
696 1448 804 1497 booeeta
813 1460 844 1496 ac
853 1447 904 1497 leni
916 1447 1047 1499 cruciator
1058 1445 1195 1512 effugiant.
1219 1452 1260 1499 ta.
1272 1449 1412 1498 Senatores
1420 1461 1520 1497 xxrxr.

446 1543 506 1580 cum
512 1529 599 1579 Virrio
609 1529 745 1594 epulantur
755 1529 940 1592 exemptoejm
951 1543 1079 1580 venenam
1090 1529 1222 1592 hauriunt,
1229 1537 1258 1578 et
1265 1537 1349 1594 portu
1359 1529 1522 1593 aperiuntur

444 1610 569 1661 bortibna.
613 1611 679 1660 Pura
695 1609 789 1674 reliqui
809 1608 1066 1672 comprehenduntur
1085 1618 1230 1674 acuatum,
1252 1616 1279 1659 et
1300 1622 1371 1659 xxr.
1388 1609 1466 1658 Cales
1487 1609 1521 1657 iar

443 1692 597 1748 cuatodiam,
614 1703 721 1742 xxvttt.
735 1691 853 1740 Teanum
866 1691 1016 1740 mittuntur.
1059 1695 1100 1740 15.
1117 1691 1161 1740 De
1171 1705 1259 1740 eorum
1269 1691 1399 1756 aupplicio
1408 1691 1521 1754 Appina

445 1788 495 1838 per
504 1774 594 1823 literar
605 1779 724 1822 renatum
736 1771 812 1820 Rom.
823 1771 947 1822 consulit:
966 1779 994 1820 ut
1009 1771 1043 1824 Q.
1056 1772 1163 1822 Fulcinr
1175 1771 1232 1822 illut
1247 1773 1326 1836 virgis
1337 1771 1404 1822 endi
1414 1773 1522 1820 muri-

445 1868 497 1918 qne
507 1853 611 1918 percuti
626 1853 712 1918 jubet,
723 1861 749 1901 et
761 1859 845 1901 eumto
865 1851 969 1900 demum
982 1853 1110 1916 aupplicio
1127 1853 1217 1902 literar
1234 1852 1299 1916 legit
1313 1853 1396 1902 Roma
1410 1853 1524 1902 altam

444 1935 559 1985 Eandem
578 1940 686 1984 mortem
709 1932 826 1996 portulat
839 1931 940 1982 Taurea
958 1932 1090 1985 anellino
1106 1933 1261 1998 Campanun,
1278 1949 1361 1998 eaque
1378 1944 1477 1996 negata
1488 1949 1522 1982 oc

443 2016 595 2082 gladioipte
607 2014 744 2078 trantligit.
778 2017 819 2062 ld.
837 2011 927 2063 Atella
937 2021 965 2064 cl
978 2015 1080 2063 Caiatia
1091 2017 1116 2064 in
1129 2015 1287 2065 deditionem
1299 2015 1478 2080 accipiuntur,
1490 2025 1523 2066 et

444 2111 536 2146 cerere
551 2095 765 2144 animadvertitur
775 2093 801 2142 ln
813 2094 961 2158 Campunoa
971 2095 1081 2144 maxime
1093 2097 1200 2147 noxior:
1218 2099 1334 2161 capuam
1347 2112 1408 2146 rero
1425 2099 1522 2160 ipram

443 2176 541 2226 cervari
561 2177 659 2240 placet,
674 2181 703 2224 et
720 2171 874 2238 prefectum
891 2187 923 2224 eo
942 2174 975 2224 ad
989 2175 1053 2240 jura
1070 2177 1202 2227 reddenda
1219 2178 1357 2243 quotanuir
1374 2179 1408 2228 ab
1426 2178 1523 2230 Roma

443 2257 524 2307 milti.

411 2343 451 2388 11.
467 2338 499 2388 C.
510 2338 581 2388 Nero
595 2353 654 2388 cnm
669 2336 760 2387 electio
776 2335 901 2386 militibua
918 2337 944 2386 iu
960 2335 1115 2400 Hiapaniam
1128 2339 1247 2397 mittitur,
1260 2339 1303 2390 ubi
1321 2339 1468 2388 exercitum
1483 2341 1522 2390 ab

442 2420 474 2470 Τ.
492 2419 601 2468 Fonteio
617 2433 647 2468 ac
661 2419 691 2468 1..
703 2418 803 2468 Marcio
818 2418 924 2482 accipit,
940 2424 966 2466 et
982 2417 1173 2468 Hasdrubalem
1191 2419 1292 2468 clandit
1309 2419 1413 2485 quidem
1432 2421 1522 2475 celtu,

440 2500 486 2548 ced
496 2500 555 2548 dolo
565 2501 623 2565 ejna
636 2507 728 2563 cuptua
739 2499 844 2548 emittit.
878 2502 918 2548 18.
936 2499 1047 2549 Comitia
1058 2499 1186 2549 habentur
1199 2501 1346 2562 procournll
1358 2501 1477 2549 creando
1492 2503 1521 2550 in

441 2581 606 2646 Hispaniam,
615 2586 652 2643 et,
666 2580 768 2631 nemine
779 2594 873 2630 nomen
886 2577 1001 2645 profiteri
1018 2581 1142 2646 audente,
1154 2582 1289 2647 imperium
1301 2581 1349 2632 boc
1365 2581 1444 2647 petit,
1456 2597 1523 2631 om-

377 2708 384 2718 ,
437 2664 564 2729 niburque
582 2661 711 2727 auffrugiir
729 2661 827 2726 accipit
847 2661 879 2711 P.
892 2662 1029 2717 Cornelius
1049 2662 1146 2726 scipio,
1165 2663 1262 2723 Publii,
1273 2664 1317 2729 qui
1333 2664 1359 2712 iu
1378 2662 1521 2726 Hispania

438 2744 580 2808 ceciderat,
591 2742 666 2801 filine,
679 2756 758 2793 xxxv.
769 2740 851 2792 termo
864 2756 944 2791 annor
956 2750 1040 2791 natur.
1069 2748 1108 2793 19.
1122 2742 1297 2808 liicjurenir,
1309 2746 1351 2807 qui
1364 2745 1520 2794 uirtutibus

439 2841 535 2891 eaeque
550 2824 698 2875 ootentaudi
709 2831 766 2874 arte
776 2822 900 2873 mirabili·
911 2830 978 2879 erut,
988 2830 1016 2873 et
1025 2824 1118 2874 divina
1131 2824 1220 2891 atripit
1231 2842 1288 2875 erre
1301 2824 1475 2891 credebatur,
1491 2831 1520 2877 in

439 2908 595 2971 Hiapauium
616 2906 787 2971 proficiacitur
797 2918 857 2954 cnm
875 2919 943 2954 noro
959 2906 1077 2955 exercitu
1094 2914 1123 2955 et
1139 2906 1178 2957 Μ.
1190 2906 1267 2957 lunio
1284 2908 1371 2957 Silano
1387 2922 1521 2972 propra-

439 2998 505 3050 tore,
517 2988 561 3052 qui
571 2986 676 3052 adjutor
687 2986 712 3036 ei
729 2984 764 3035 ud
780 3000 822 3034 ren
838 2985 964 3049 gerendae
975 2986 1050 3035 datur
1064 2996 1131 3037 erut.
1164 2992 1205 3038 20.
1223 2988 1396 3038 Tarraconem
1410 3004 1520 3039 conce·

438 3069 490 3132 dit,
498 3076 527 3117 ct
537 3068 659 3117 civitatee
670 3066 798 3117 rociomru
811 3067 959 3133 veterisque
972 3068 1105 3117 exercitur
1116 3069 1233 3133 hyberna
1243 3070 1306 3120 adit.
1323 3070 1517 3119 Intercatiae·

437 3149 473 3199 rio
485 3150 594 3211 Punica,
604 3134 636 3198 ei
649 3148 740 3201 Sicilia
749 3148 893 3209 Tarentum
905 3148 998 3209 accita,
1014 3148 1113 3199 claudit
1125 3149 1228 3215 quidem
1241 3165 1330 3201 omner
1346 3150 1378 3202 ud
1391 3166 1490 3201 arcem
1503 3169 1519 3202 a

437 3231 502 3279 mari
525 3230 622 3293 aditur,
637 3228 682 3279 red
700 3244 761 3279 mox
781 3228 933 3293 dimittitur,
951 3230 1012 3295 quia
1031 3232 1169 3282 arctiorem
1198 3232 1273 3283 rociir
1292 3247 1418 3282 annonam
1442 3230 1519 3283 facit

439 3326 516 3377 quant
524 3311 602 3361 burli.

404 3396 446 3443 21.
461 3393 499 3442 Μ.
510 3392 662 3457 Marcellus,
678 3406 712 3441 ex
733 3392 821 3443 Sicilia
837 3407 968 3455 revertur,
984 3392 1126 3458 triumphat
1142 3394 1167 3442 in
1187 3400 1274 3443 monle
1290 3392 1390 3443 Albano
1401 3402 1429 3441 et
1442 3392 1516 3444 inde

437 3474 536 3525 Urbem
552 3487 631 3524 oraur
650 3476 707 3524 init.
746 3474 814 3524 Poat
833 3474 890 3538 ejur
911 3473 1099 3539 prosectionem
1123 3475 1234 3525 miiitum
1254 3476 1280 3523 iu
1303 3474 1436 3539 provincia
1462 3478 1516 3526 illa

435 3558 585 3607 relictorum
596 3556 675 3605 animi
684 3556 809 3605 inclinant
824 3554 856 3604 ad
868 3554 1032 3618 seditionem,
1044 3562 1072 3605 et
1082 3556 1202 3605 civitatee
1219 3556 1316 3621 aliquot
1333 3554 1463 3604 deficiunt
1478 3558 1515 3605 ad

435 3638 533 3689 Poeuoa
549 3646 577 3688 et
588 3638 723 3701 Numidae,
736 3638 781 3702 qui
800 3636 868 3686 duce
886 3636 990 3686 Mutine
1009 3638 1136 3687 coriorum
1157 3637 1231 3687 Rom.
1250 3652 1326 3702 ugron
1344 3643 1437 3685 urunt:
1458 3638 1513 3687 ned

435 3734 478 3769 rer
489 3718 601 3769 afflictar
612 3719 728 3770 reatituit
749 3718 788 3767 Μ.
800 3718 938 3768 Cornelius
954 3727 1060 3781 praetor.
1091 3720 1132 3769 22.
1150 3716 1182 3767 In
1199 3718 1311 3767 comitiis
1322 3718 1514 3770 consularibut

433 3801 608 3865 prerogativa
624 3799 753 3855 centuria,
763 3814 822 3863 quae
833 3798 867 3849 T.
878 3796 1019 3848 Otueilium
1030 3806 1057 3847 et
1068 3798 1098 3847 Τ.
1107 3798 1234 3848 Manlium
1240 3798 1401 3863 Torquatum
1414 3799 1513 3851 decla·

434 3891 548 3946 rarerat,
557 3882 606 3931 boc
615 3880 763 3945 portulaote
774 3878 844 3929 redit
854 3878 880 3927 itt
890 3876 1040 3943 suffragium
1058 3888 1136 3944 atque
1146 3880 1186 3929 M.
1199 3878 1335 3929 Claudium
1348 3880 1512 3932 Marcellum

434 3973 463 4013 ct
471 3965 509 4013 Μ.
515 3963 649 4013 Valerium
660 3960 796 4010 urinum
806 3961 926 4009 conculco
938 3960 1012 4010 dicit.
1040 3964 1082 4010 21.
1093 3960 1222 4009 Prutoria
1235 3960 1363 4010 habentur
1375 3962 1508 4013 comitia:

432 4046 488 4095 ludi
500 4044 662 4109 Apollinares
675 4043 702 4092 in
721 4050 878 4106 perpetuum
891 4050 1033 4092 vorentur:
1051 4048 1223 4107 procurantur
1236 4042 1363 4106 prodigia,
1373 4048 1402 4091 et
1413 4058 1509 4094 tacer-

432 4126 536 4176 dotibur
545 4124 686 4174 demortuir
695 4124 755 4172 uoti
767 4121 939 4175 sufficiuntur.

398 4212 440 4257 21.
457 4208 496 4257 Μ.
507 4205 628 4255 Valeriuu
639 4204 761 4254 Lucrinus
778 4219 837 4253 cum
848 4206 934 4269 Scopa
944 4212 973 4255 et
989 4206 1157 4266 Dorimacho,
1174 4202 1334 4267 principibus
1345 4204 1509 4271 AEtolorurn,

432 4286 495 4338 t'acit
507 4284 758 4349 foednr,beiiumque
768 4299 895 4349 prospere
907 4296 994 4336 movet
1006 4286 1128 4335 ailrerrur
1141 4285 1290 4348 Philippum
1302 4292 1329 4334 el
1339 4284 1509 4341 Acarnanas.

431 4374 474 4419 tt.
492 4370 544 4418 Res
560 4382 575 4414 a
593 4366 714 4429 Phiiippo
729 4375 810 4429 goutte
830 4376 857 4416 et
873 4367 1017 4433 conjuratio
1029 4366 1203 4417 Acumenum.
1231 4370 1272 4416 26.
1289 4365 1411 4415 Laerintrs
1424 4368 1507 4419 Anti-

432 4463 519 4515 cyram
532 4452 666 4513 expugnat
678 4454 705 4497 et
717 4446 840 4497 diuturno
851 4447 887 4499 ibi
898 4449 989 4501 morbo
1009 4450 1149 4515 implicitun
1161 4448 1244 4499 uerius
1262 4463 1310 4513 ope
1321 4449 1435 4500 omnium
1448 4450 1506 4501 llo·
