3259 5225
409 505 496 574 2840
881 519 917 572 ι’.
939 519 1038 570 ιιιιι

411 665 597 750 aperirique
607 670 739 752 portam
749 662 1078 750 jubeutzcousulem
1089 661 1219 730 adase.
1262 662 1517 750 Vigiles,velut

411 767 454 832 ad
480 787 597 834 vocem
624 787 737 832 eorum
761 767 914 846 excitati,
936 767 1141 843 tumultuari,
1162 767 1338 852 trepidare,
1368 767 1483 831 moliri
1492 769 1516 812 '³

410 875 567 954 portam.⁰
590 867 776 960 ¹Cataracta
789 869 923 956 dejecta
937 871 1054 936 clauso
1067 879 1151 936 erat.
1193 868 1279 935 Eam
1295 872 1421 955 partim
1435 887 1515 932 vec-

411 973 503 1037 tibus
518 973 641 1050 levaut,
669 973 788 1056 partim
802 972 941 1038 funibus
955 973 1145 1039 subducunt
1158 972 1192 1037 in
1214 981 1344 1039 tanturn
1358 971 1515 1037 altitudi-

410 1077 477 1154 nis,
493 1081 530 1141 ut
554 1077 668 1140 subire
689 1076 769 1140 recti
793 1081 944 1160 possent.
988 1075 1145 1142 Vixdum
1166 1075 1251 1140 satia
1275 1076 1420 1160 patebat
1438 1075 1515 1150 iter,

410 1197 488 1244 cum
503 1177 650 1262 perfugae
674 1177 825 1242 certatim
844 1182 944 1244 ruunt
956 1197 1019 1264 per
1033 1183 1187 1262 portam3
1207 1186 1340 1242 etcum
1358 1177 1516 1241 sexcenti

410 1278 516 1346 ferme
543 1279 733 1358 intrassent,
756 1279 898 1346 remisso
919 1280 1011 1361 lune,
1030 1301 1099 1366 qno
1122 1299 1288 1364 suspensa
1307 1289 1394 1357 erat,
1418 1285 1514 1344 cata-

409 1389 502 1448 rocta
517 1403 636 1468 magno
650 1383 761 1448 sonitu
777 1383 910 1449 cecidit.
964 1384 1154 1469 Salapitani
1169 1383 1229 1448 alii
1240 1382 1399 1468 perfugas
1410 1381 1518 1465 negli-

410 1496 529 1572 genter
543 1507 589 1552 ex
604 1489 720 1553 itinere
735 1503 903 1572 suspensa
915 1487 1072 1567 humeris,
1087 1495 1124 1554 ut
1136 1491 1221 1554 inter
1232 1496 1386 1572 pacatos,
1397 1502 1515 1571 geren·

411 1597 465 1656 tes
482 1609 585 1669 arma,
599 1589 778 1673 invadunt;
794 1591 855 1655 alii
868 1611 890 1656 e
902 1591 983 1656 turri
996 1591 1069 1674 ejus
1083 1598 1191 1676 portae
1205 1599 1233 1639 ¹⁴
1246 1592 1424 1676 murisque
1434 1610 1515 1655 sax·

401 1694 455 1772 is,
477 1693 628 1772 sudibus,
645 1691 738 1777 pilis,
764 1693 947 1758 absterrent
966 1694 1110 1759 bostem.
1154 1693 1211 1759 Ita
1234 1693 1313 1760 inde
1337 1693 1514 1758 Hannibal

412 1803 546 1862 suamet
569 1795 646 1879 ipso
663 1793 781 1860 fraude
800 1800 921 1879 captus
936 1796 1041 1876 abiit3
1064 1795 1302 1880 proiectusque
1318 1794 1363 1860 ad
1386 1795 1515 1860 Locro-
1585 1873 1594 1882 ι

410 1917 484 1963 rum
515 1896 708 1962 solvendam
738 1897 960 1977 obsidionem,
986 1916 1088 1982 quam
1114 1895 1288 1962 Cincius¹⁵
1312 1916 1447 1961 summa
1470 1898 1513 1975 si,

412 2001 573 2085 operibus
589 2006 894 2085 tormentorumque
916 2001 1005 2066 curui
1024 2019 1142 2083 genem
1161 2019 1207 2064 ex
1219 1999 1340 2064 Sicilia
1353 1999 1513 2078 advecto,

412 2103 640 2188 oppugnabat
671 2101 822 2186 Magoni,
827 2102 900 2187 jam
908 2101 1110 2169 baudfcrme
1118 2101 1233 2168 fidenti
1243 2101 1512 2167 retenturumde·

411 2205 645 2289 sensurumque
657 2225 695 2270 se
709 2206 837 2283 urbem,
849 2206 957 2291 prima
968 2224 1062 2289 spes,
1078 2209 1186 2269 morte
1199 2205 1349 2270 nuntiata
1364 2203 1512 2270 Marcel·

411 2309 448 2387 li,
469 2307 606 2374 affulsit.
660 2307 807 2374 Secutus
825 2307 906 2373 inda
919 2311 1066 2386 nuntius,
1086 2307 1327 2383 Hannibalem,
1343 2306 1512 2372 Numida·

412 2432 485 2478 rum
497 2413 650 2496 equitatu
665 2413 852 2501 praemisso,
859 2413 998 2496 ipsum?
1010 2418 1175 2496 qnantum
1183 2409 1372 2474 accelerare
1387 2416 1510 2495 posset,

413 2535 491 2582 cum
506 2515 656 2600 peditum
671 2517 802 2600 agmine
818 2516 927 2600 sequi.
970 2513 1092 2600 Itaque
1105 2514 1162 2579 ubi
1177 2512 1321 2597 primum
1340 2511 1511 2578 Numidas

412 2618 504 2685 edito
515 2619 695 2704 eopeculis
706 2619 802 2703 signo
817 2618 997 2685 adventare
1006 2618 1122 2696 morit,
1131 2623 1165 2682 et
1178 2618 1265 2699 ipse,
1280 2615 1454 2699 patefacta
1463 2636 1512 2681 ro·

412 2726 512 2806 pente
521 2727 630 2807 porta,
645 2722 740 2787 ferox
754 2723 790 2786 in
803 2722 919 2787 bootes
933 2721 1091 2807 erumpit.
1120 2720 1166 2785 Er
1176 2718 1296 2803 primo,
1310 2720 1421 2801 magis
1435 2722 1511 2804 quia

412 2825 598 2909 improviso
615 2825 650 2889 id
667 2826 804 2903 iecerat,
820 2844 923 2910 quam
940 2824 1031 2909 quod
1050 2844 1111 2908 par
1124 2824 1253 2889 viribus
1272 2828 1375 2895 esset,
1390 2840 1511 2906 anceps

413 2937 583 2993 certamen
603 2932 684 2992 erat
728 2926 871 3005 Deinde,
894 2932 933 2991 ut
959 2944 1179 3010 supervenere
1203 2923 1377 3000 Numidae,
1401 2930 1509 2988 tantus

413 3049 521 3115 pavor
537 3030 703 3095 Romanis
717 3035 770 3094 est
783 3028 939 3112 injectos,
956 3034 993 3092 nt
1013 3028 1143 3111 passim
1163 3026 1207 3091 ad
1231 3045 1323 3091 mare
1343 3045 1386 3091 ac
1410 3046 1510 3092 nares

413 3132 596 3215 fugereut3
623 3130 747 3197 relictis
775 3131 934 3214 operibus
969 3130 1212 3214 machinisque,
1247 3129 1371 3214 quibus
1403 3148 1509 3193 muros

413 3234 621 3319 quatiebant.
665 3233 722 3300 lta
740 3233 882 3301 adventu
902 3231 1110 3299 Hannibalis
1127 3232 1241 3297 soluta
1254 3230 1443 3297 Locrorum
1456 3232 1509 3295 ob·

414 3336 505 3401 sidio
521 3343 585 3401 est.

338 3504 344 3519 ,
457 3436 512 3503 29.
535 3436 724 3522 Crispinus,
747 3443 929 3523 postquam
944 3436 979 3503 in
997 3436 1150 3504 Bruttios
1173 3438 1361 3523 proiectum
1385 3436 1508 3503 Hauni-

414 3540 527 3607 balem
542 3540 659 3621 sensit,
673 3541 869 3621 exercitum,
884 3542 940 3607 cui
955 3540 1084 3625 collega
1096 3542 1288 3626 praefuerat,
1303 3539 1354 3605 M.
1370 3539 1507 3606 Marcel·

874 3704 1055 3729 mmo

415 3804 492 3855 Voss.
507 3804 597 3854 une·
615 3802 790 3868 querebantur.
825 3805 907 3856 Forte
923 3804 1083 3857 minim!
1099 3806 1126 3858 J.
1136 3806 1167 3857 1³.
1178 3804 1359 3858 Gronov-lt
1375 3804 1446 3856 Olim
1462 3804 1507 3854 riis·

415 3870 509 3921 tinctio
525 3878 584 3933 port
599 3869 679 3919 muri
687 3884 698 3926 ‚·
714 3876 743 3919 ut
753 3870 842 3920 moliri.
858 3872 937 3921 Pm-
946 3876 1141 3925 σιωπὴ-14
1152 3872 1295 3923 aueum
1309 3870 1418 3921 teritur
1430 3877 1507 3935 pre

415 3939 479 3985 -lb
495 3935 558 3987 Vct.
569 3933 615 3985 lib.
629 3940 696 3984 terte
707 3934 794 3998 Sigon.
812 3951 882 4000 ςιιιιιιι
892 3936 925 3987 1.
934 3936 1040 3988 muas.

908 4088 1020 4142 ΝΟΊῈ

446 4192 459 4220 ⁶
476 4184 560 4236 Moliri
567 4186 674 4250 prtum]
690 4184 823 4236 ItaGron.
832 4200 867 4236 ex
878 4184 945 4251 lieg.
983 4202 1032 4251 pro
1043 4194 1172 4252 satagere.
1182 4187 1282 4249 conari,
1293 4186 1364 4237 Gall.
1380 4201 1406 4238 ιε
1414 4198 1507 4236 rme.

415 4262 946 4327 etru1.vurgmurr.seuernoe‚Pur«
985 4264 1042 4315 cie.
1053 4264 1126 4315 Fam.
1137 4276 1178 4314 vr.
1197 4264 1276 4328 epist.
1291 4267 1330 4314 tu.
1345 4264 1434 4329 ‘agn
1451 4262 1505 4327 ipos

312 4388 317 4391 .
413 4342 536 4389 numu
545 4338 723 4399 woetuclsasn
731 4343 793 4395 erat,
809 4340 879 4404 quoti
893 4354 945 4390 nou
985 4352 1034 4405 per
1046 4352 1097 4395 me,
1107 4345 1136 4388 et
1146 4336 1255 4390 moliar!

416 4423 489 4465 caret
510 4429 597 4465 seusu.
639 4415 725 4465 Moliri
745 4415 814 4466 enirn
835 4416 946 4466 sumitur
1017 4413 1139 4481 alm]
1156 4414 1340 4466 Hannibalem.
