3259 5225
351 533 439 599 aton
783 584 787 601 .
822 550 858 600 r.
882 548 981 597 nrvrr

353 700 573 763 timuereut':¹¹
595 703 632 760 et
657 696 763 760 territi
788 694 918 774 hostes,
941 696 1280 781 praeterquamquod
1302 698 1454 763 maxima

353 808 449 886 parte
465 800 582 865 virium
599 818 736 863 suarum
752 818 819 863 non
828 799 1045 897 juvabantur,
1057 799 1176 863 timore
1187 801 1292 865 etiam
1302 802 1453 874 incusso,

353 924 396 969 ne
410 904 453 967 ab
468 922 530 967 suo
545 908 577 967 et
589 903 656 985 ipsi
670 902 781 985 equite
796 908 1076 985 oppugnarentur.
1107 901 1229 985 Itaque
1240 903 1328 967 haud
1342 906 1455 986 magni

354 1006 546 1070 certaminis
556 1002 683 1069 fuit.¹⁶⁰¹
702 1003 972 1069 Primusclamor
985 1010 1088 1087 atque
1099 1004 1247 1087 impetus
1259 1024 1326 1069 rem
1337 1005 1456 1071 decre·

354 1107 413 1171 vit.
459 1106 634 1183 Numidae,
648 1124 727 1171 cum
745 1106 778 1169 in
800 1123 964 1171 concursu
987 1106 1094 1190 quieti
1110 1108 1285 1171 'stetissent
1298 1109 1333 1172 in
1347 1111 1455 1173 corui·

354 1209 429 1287 bus,
444 1216 481 1272 nt
502 1216 594 1291 terga
609 1207 724 1273 dantes
741 1226 822 1273 suos
842 1208 1114 1291 viderunt,·fugae
1130 1215 1261 1274 tantum
1276 1230 1457 1294 parumper

355 1312 495 1376 comites
508 1311 603 1391 sacti,
620 1318 799 1396 postquam
816 1331 933 1378 omnes
948 1310 1165 1393 Agrigentum
1177 1313 1308 1396 trepido
1324 1315 1456 1396 agmine

354 1420 507 1499 petentes
522 1413 683 1493 uiderunt,
698 1415 766 1499 ipsi
779 1424 871 1480 metu
891 1413 1076 1481 obsidionis
1092 1416 1222 1498 passim
1242 1416 1278 1479 in
1301 1418 1457 1482 civitates

354 1518 527 1601 proximas
550 1516 686 1601 dilapsi.
731 1516 843 1582 Multa
863 1517 969 1581 millia
990 1516 1161 1582 bominum
1175 1536 1269 1583 caesa
1289 1524 1458 1603 captaque

355 1626 389 1683 et
404 1626 481 1684 octo
495 1620 679 1702 elephanti.
724 1620 813 1685 Haec
838 1619 958 1684 ultima
978 1620 1014 1683 in
1036 1619 1156 1684 Sicilia
1177 1619 1331 1686 Marcelli
1347 1640 1458 1705 pugna

356 1722 431 1786 tuit.
475 1721 596 1787 Victor
618 1720 698 1787 inde
721 1724 909 1807 Syracusas
930 1722 1038 1787 rediit.
1084 1722 1163 1786 Jam
1186 1722 1287 1786 serme
1310 1725 1344 1787 in
1363 1726 1459 1789 exitu

357 1846 464 1890 annus
479 1834 562 1890 erat.
606 1825 729 1909 Itaque
747 1832 886 1889 senatus
902 1824 1025 1889 Romae
1043 1824 1256 1901 decrevitur
1278 1826 1320 1891 P.
1336 1825 1459 1891 Corne-

355 1928 422 1991 lius
445 1936 573 2010 praetor
593 1926 711 1993 literas
739 1926 893 2011 Capuam
917 1926 962 1991 ad
988 1927 1145 1992 consules
1174 1927 1340 1994 mitteret:
1378 1929 1458 1993 dnm

356 2028 535 2094 Hannibal
555 2030 674 2113 procul
698 2032 844 2107 abesset,
870 2050 932 2094 nec
954 2030 1023 2093 ulla
1048 2031 1159 2111 magni
1182 2031 1386 2096 discriminis
1406 2044 1459 2095 res

357 2130 402 2195 ad
418 2129 571 2215 Capuam
594 2137 772 2213 gereretur,
787 2132 871 2196 alter
884 2151 1011 2211 eorum,
1027 2135 1057 2195 si
1072 2134 1119 2197 ita
1135 2134 1313 2211 videretur,
1329 2135 1375 2199 ad
1390 2155 1459 2197 rna-

358 2235 516 2314 gistratus
540 2233 774 2317 subrogandos
798 2232 943 2298 Romam
970 2235 1109 2298 veniret.
1153 2235 1279 2299 Litoris
1298 2237 1460 2324 acceptis,

357 2335 442 2399 inter
455 2355 492 2399 se
507 2336 664 2400 consules
689 2342 936 2417 compararunt,
954 2343 995 2400 nt
1018 2334 1179 2400 Claudius
1205 2339 1342 2403 comitia
1362 2338 1461 2423 perti-

358 2444 461 2513 ceret,
489 2435 631 2501 Fulvius
653 2436 696 2501 ad
722 2436 877 2519 Capuam
900 2445 1060 2503 maneret.
1104 2436 1273 2503 Consules
1296 2439 1461 2505 Claudius

363 2540 493 2605 creavit
505 2537 568 2604 Cn.
581 2539 739 2605 Fulvium
754 2539 994 2605 Centumalum
1003 2544 1029 2591 ¹⁷
1044 2547 1078 2604 et
1091 2540 1132 2604 P.
1147 2541 1336 2627 Sulpicium
1351 2542 1462 2607 Servii

359 2643 464 2709 filium
491 2642 651 2721 Galbam,
683 2645 743 2728 qui
772 2646 899 2710 nullum
927 2650 1025 2710 antea
1058 2645 1203 2709 eumlem
1232 2646 1462 2727 magistratum

359 2747 531 2829 gessisset.
575 2746 744 2811 Praetores
759 2747 881 2812 deinde
901 2749 1019 2824 creati,
1035 2747 1076 2810 L.
1091 2746 1268 2813 Cornelius
1284 2747 1461 2828 Lentulus,

361 2849 412 2912 Μ.
434 2849 611 2913 Cornelius
626 2848 807 2932 Cethegus,
824 2849 863 2915 C.
885 2850 1069 2935 Sulpicius,
1086 2849 1126 2914 C.
1147 2849 1350 2933 Calpurnius
1366 2851 1461 2916 Piso.

360 2951 476 3017 Pisoni
487 2951 572 3036 juris
592 2951 696 3018 dictio
709 2955 849 3030 urbana,
868 2953 1022 3038 Sulpicio
1042 2953 1188 3033 Siciliae
1205 2953 1353 3037 Cethego
1366 2954 1461 3038 Apu-

825 3118 1008 3139 mnm

361 3241 414 3278 rtem
425 3227 489 3277 Mar.
501 3235 528 3278 et
540 3229 607 3279 Edd.
625 3237 685 3278 unte
701 3229 851 3280 Drah-ltt
874 3225 951 3278 saus
960 3241 1048 3289 magne
1064 3229 1102 3277 nis
1111 3229 1249 3279 caminis
1255 3228 1309 3290 seit
1320 3227 1388 3280 Edd.
1401 3236 1463 3278 anta

362 3293 543 3343 (irenem-17
560 3295 602 3345 At.
616 3296 847 3346 Centimalum-18
863 3293 924 3343 Vid.
935 3292 981 3343 ins.
993 3302 1020 3343 et
1033 3295 1097 3344 Not.
1108 3295 1171 3343 Var.

860 3407 967 3459 Nom

396 3505 495 3562 'Qum
504 3509 607 3558 maxime
615 3507 755 3572 timuerat]
772 3506 894 3571 Equitem
934 3507 995 3556 nelli
1006 3506 1102 3556 Siciliae
1115 3507 1235 3570 praetoris
1253 3508 1350 3557 mentio
1361 3507 1406 3557 hat
1418 3509 1464 3559 lib.

362 3599 466 3647 nempe,
477 3585 533 3634 rire
544 3587 688 3651 equitatum
700 3587 878 3638 Numidicum.
935 3585 1054 3646 proxime
1072 3585 1191 3648 sequenti
1210 3598 1270 3647 cap.
1281 3589 1322 3633 21.
1336 3594 1363 3633 et
1374 3589 1415 3636 28.
1427 3585 1466 3635 ita

394 3669 407 3696 ⁰
416 3663 492 3714 Hasd
501 3665 584 3726 magri
595 3663 749 3731 [maguncie]
759 3663 896 3714 eermmirrir
934 3666 965 3709 nt
976 3667 1100 3724 appareat
1117 3661 1141 3708 ei
1154 3659 1267 3709 Siciliam
1279 3675 1330 3710 nou
1343 3661 1465 3725 Apuliam

358 3741 424 3805 suit]
453 3741 545 3792 Placet
566 3742 648 3806 magis
668 3741 813 3802 Gronovio,
831 3743 895 3790 idad
935 3735 1068 3799 obtigisse.
1081 3737 1176 3801 Neque
1184 3737 1342 3787 audiendum
1355 3738 1389 3787 ait
1402 3739 1465 3790 Gla·

364 3818 446 3882 raugia
456 3819 664 3878 certtminiafait:
681 3818 750 3882 qood
761 3825 789 3868 et
800 3819 826 3867 in
836 3818 893 3868 Col·
935 3829 1015 3863 reanu
1025 3829 1050 3862 m
1060 3815 1103 3879 qui
1123 3822 1199 3877 putat
1219 3813 1254 3863 ibi
1267 3814 1298 3863 Ρ.
1317 3815 1466 3866 Cornelium

367 3895 435 3947 bert.
453 3897 537 3947 altero
551 3903 641 3946 extat:
660 3895 776 3959 placeret
786 3902 813 3945 et
824 3894 896 3958 milri,
934 3891 1141 3955 intelligendum,
1156 3893 1199 3955 qni
1212 3891 1237 3940 in
1249 3892 1339 3940 Sicilia
1351 3907 1467 3957 propra-

366 3973 388 4022 ai
408 3971 527 4023 additum
549 3971 644 4021 alicubi
670 3971 827 4035 reperiretur
848 3986 895 4021 ne-
936 3978 993 4018 tore
1009 3977 1077 4033 erat,
1093 3969 1301 4019 nonCornelium
1320 3971 1467 4020 Lentulum.

364 4059 425 4098 areu
442 4062 489 4110 rer,
506 4047 574 4112 quod
595 4047 639 4098 ille
658 4061 691 4097 ex
714 4048 831 4112 proxima
853 4063 896 4097 re·
935 4047 1031 4095 Verum
1051 4061 1066 4094 a
1087 4046 1161 4096 Livio
1184 4046 1219 4095 ibi
1241 4061 1291 4094 non
1312 4046 1345 4096 P.
1364 4047 1409 4096 red
1428 4049 1469 4098 Μ.

366 4124 456 4190 quanti
469 4125 574 4188 periodo
585 4131 701 4174 revocat.
936 4123 1071 4172 Cornelius
1091 4133 1262 4172 memoratur:
1280 4131 1406 4186 notatque
1426 4125 1468 4174 st-

399 4201 511 4251 reuma
522 4200 671 4262 jurisdictio
679 4201 780 4262 urinas,
788 4200 896 4263 Sulpicio
936 4198 1035 4260 genior,
1057 4196 1126 4262 quod
1148 4198 1209 4247 alibi
1232 4213 1247 4245 a
1268 4199 1340 4247 nobis
1363 4214 1467 4263 quoque

366 4275 465 4338 Μία]
482 4277 550 4326 Liuii
566 4281 646 4326 rerba
663 4278 755 4327 mutila
773 4286 820 4326 aut
838 4293 894 4327 cor·
936 4274 1112 4328 observatum,
1130 4273 1194 4322 duaa
1205 4273 1255 4322 illia
1268 4275 1428 4338 temporibus
1440 4276 1468 4324 in

367 4359 445 4416 rupta
455 4353 557 4416 ubique.
577 4353 779 4416 Sigoniurlegit,
790 4352 897 4416 Sulpicio
935 4351 1026 4402 Sicilia
1048 4351 1193 4414 prouincias
1215 4348 1315 4398 luisse:
1344 4358 1470 4414 veterem,

368 4429 468 4494 Apulia,
481 4429 584 4491 Cethego
596 4429 692 4494 Sicilia,
704 4428 773 4494 quod
786 4431 825 4480 Μ.
837 4430 897 4480 Cor·
934 4429 1036 4494 jamdiu
1057 4427 1315 4492 Carthaginiensibus
1337 4436 1466 4492 ereptam,
