3259 5225
402 545 489 612 230⁰
872 560 909 611 τ.
934 560 1031 608 nrvrr

403 708 454 773 M.
464 705 631 772 Sextilius
647 704 867 789 Fregellanus
876 704 1067 789 respondit:
1090 709 1147 770 ‘et
1161 703 1286 769 milites
1301 723 1348 768 ex
1361 702 1505 768 formula

401 815 542 897 paratos
556 829 647 889 esse,
662 816 708 888 et,
723 809 753 874 si
769 808 920 894 pluribus
934 827 1023 892 opus
1037 813 1138 886 esset,
1157 808 1273 890 plures
1294 806 1444 883 daturos,
1458 814 1505 884 et,

404 911 567 998 quicquid
583 910 675 976 aliud
688 911 866 994 imperaret
877 911 1043 994 velletque
1052 908 1199 994 populus
1210 908 1398 986 Romame,
1410 908 1506 972 enies
1614 923 1619 932 ·

402 1015 564 1090 facturos.
607 1012 663 1078 Ad
676 1012 710 1077 id
726 1013 791 1078 sibi
806 1031 915 1097 neque
930 1032 1017 1096 opes
1032 1012 1164 1091 deesse,
1174 1012 1321 1077 animum
1335 1011 1436 1076 etiam
1447 1030 1506 1075 sn-

402 1113 563 1202 peresse'
606 1113 785 1193 Consules,
798 1115 864 1180 sibi
884 1134 1002 1198 parum
1017 1114 1134 1191 rideri,
1148 1113 1291 1198 praefati,
1306 1131 1369 1198 pro
1382 1114 1505 1178 merito

403 1239 531 1297 eorum,
556 1238 618 1284 sua
640 1237 724 1284 voce
744 1217 930 1283 collaudari
949 1237 1020 1296 eos,
1034 1219 1101 1282 nisi
1116 1216 1261 1282 universi
1274 1216 1395 1282 Patres
1409 1216 1455 1282 iis
1469 1217 1506 1280 in

403 1325 498 1389 curia
510 1329 536 1362 ¹²
558 1322 682 1406 gratias
696 1322 855 1414 egissent,
866 1322 961 1406 sequi
974 1321 1008 1385 in
1022 1326 1175 1385 senatum
1184 1318 1368 1404 jusserunt.
1400 1318 1507 1384 Sena·

403 1433 470 1504 tos,
494 1446 596 1511 quem
621 1431 757 1510 poterat
788 1424 1051 1489 honoratissimo
1081 1423 1218 1488 decreto
1243 1422 1411 1488 allocutus
1432 1441 1508 1504 eos,

402 1528 539 1594 mandat
548 1526 756 1605 consulibus,
767 1532 804 1591 ut
814 1525 857 1590 ud
866 1525 1030 1610 populum
1040 1544 1177 1610 quoque
1194 1545 1256 1590 eos
1269 1522 1505 1608 producerent,

402 1637 438 1696 et
453 1632 538 1696 iuter
553 1630 657 1696 multe
672 1631 740 1694 alia
754 1630 930 1714 praeclara,
953 1647 1032 1713 quse
1053 1630 1138 1711 ipsis
1160 1627 1415 1713 majoribusque
1430 1628 1507 1692 suis

402 1727 653 1817 praestitissent,
662 1751 783 1798 recens
792 1733 895 1798 etiem
907 1733 1060 1796 meritum
1072 1749 1184 1795 eorum
1198 1731 1232 1794 in
1246 1749 1316 1795 rem
1331 1728 1506 1813 publicam

402 1842 714 1901 commemorarent.
737 1833 794 1899 Ne
805 1853 891 1898 nunc
900 1833 1035 1917 quidem
1044 1838 1185 1915 posttot
1194 1832 1322 1904 saecula
1330 1831 1505 1908 sileantur,

401 1936 637 2004 fraudenturve
652 1937 754 2002 laude
769 1956 842 2001 sua.
885 1937 1015 2018 Signini
1037 1935 1128 2000 fuere
1148 1941 1183 2000 et
1205 1934 1357 2001 Norbani
1372 1936 1505 2001 Saticu-

402 2040 541 2123 lenique
554 2047 578 2089 ¹¹
600 2045 634 2105 et
655 2040 847 2106 Brundisini
859 2045 893 2104 et
910 2038 1102 2122 Fregellani
1118 2045 1153 2103 et
1168 2039 1324 2104 Lucerini
1338 2045 1374 2103 et
1387 2036 1507 2103 Venu-

404 2141 470 2206 sini
493 2148 527 2207 et
550 2140 718 2207 Hadriani
740 2148 775 2206 et
798 2141 946 2206 Firmani
965 2147 1000 2206 et
1017 2140 1259 2219 Ariminenses,
1277 2146 1314 2206 et
1337 2141 1382 2204 ab
1398 2141 1506 2206 altero

404 2245 487 2309 mari
502 2243 662 2309 Pontiani
676 2250 712 2308 et
726 2243 879 2308 Paestani
893 2249 928 2308 et
948 2243 1083 2323 Cosani,
1098 2253 1134 2308 et
1147 2243 1379 2308 mediterranei
1394 2243 1507 2308 Bene·

406 2346 538 2410 centeni
553 2354 589 2410 et
603 2346 772 2412 AEsernini
785 2353 813 2394 ¹4
834 2355 869 2410 et
885 2347 1050 2430 Spoletini
1066 2354 1102 2410 et
1117 2346 1305 2412 Placentini
1320 2353 1354 2410 et
1369 2344 1508 2411 Cremo·

403 2469 536 2516 nenses·
581 2449 712 2514 Harum
725 2449 933 2514 coloniarum
945 2450 1100 2515 subsidio
1114 2457 1185 2515 turn
1196 2450 1371 2532 imperium
1385 2449 1506 2534 populi

403 2549 553 2617 Romani
569 2553 687 2636 stetit;
710 2552 821 2636 iisque
840 2553 959 2635 gretise
978 2561 1015 2618 et
1033 2553 1068 2617 in
1087 2561 1203 2619 senatu
1223 2560 1257 2618 et
1276 2552 1320 2617 ad
1340 2552 1506 2637 populum

404 2662 504 2721 actae.
550 2656 742 2721 Duodecim
759 2656 900 2719 alierum
917 2655 1135 2733 coloniamm,
1150 2675 1227 2739 quae
1240 2654 1507 2721 detrectaverunt

403 2758 592 2841 imperium,
616 2760 817 2823 mentionem
845 2758 1062 2824 fieriPatree
1087 2764 1273 2833 vetuerunt,
1296 2778 1405 2842 neque
1428 2757 1506 2823 illos

403 2860 534 2939 dimitti,
555 2880 664 2945 neque
686 2860 837 2937 retineri,
852 2880 960 2946 neque
975 2860 1138 2945 appellari
1157 2879 1178 2924 e
1199 2859 1409 2925 consulibus.
1453 2860 1507 2925 Ee

402 2963 510 3028 tacita
524 2964 707 3047 castigatio
721 2964 871 3027 maxime
886 2983 933 3026 ex
954 2963 1115 3046 dignitate
1135 2962 1253 3044 populi
1267 2960 1416 3027 Romani
1431 2963 1506 3028 risa

403 3073 465 3131 est
508 3064 632 3131 Cetera
660 3065 932 3149 expedientibus,
960 3086 1037 3149 quse
1064 3064 1107 3130 ad
1137 3064 1263 3129 bellum
1286 3084 1373 3148 opus
1396 3072 1504 3143 erant,

404 3168 612 3247 consulibus,
628 3187 745 3233 eurum
764 3166 1037 3246 uicesimarium?
1057 3166 1151 3252 quod
1173 3169 1208 3231 in
1231 3168 1398 3232 sanctiore
1420 3187 1504 3234 aere·

403 3397 526 3449 Cluverio
539 3398 600 3449 Ital.
612 3397 676 3450 Ant.
686 3413 718 3449 rr.
729 3405 754 3450 2.
771 3414 797 3463 p.
808 3403 867 3451 480.
878 3400 929 3463 leg.
945 3401 1110 3463 eammgiafi:
1124 3415 1183 3451 nam
1196 3414 1265 3457 mox,
1284 3400 1328 3450 ubi
1345 3401 1505 3452 coloniarum

403 3464 508 3513 nomina
519 3470 698 3527 recensentur,
710 3465 811 3527 Signini
821 3464 893 3525 suere
903 3471 927 3513 et
939 3464 1031 3515 Nolcai
1040 3472 1066 3516 et
1080 3466 1188 3516 Norbani
1197 3474 1250 3517 eet.
1258 3465 1371 3515 deiende
1386 3467 1468 3516 verita
1481 3474 1507 3517 et

404 3529 505 3586 Nolani,
543 3544 583 3580 ure
602 3530 636 3580 ab
652 3529 769 3580 omnibus
787 3530 853 3580 Mes.
874 3529 986 3580 absunt!
1006 3532 1174 3595 Rupere—tt
1190 3532 1261 3581 nere
1278 3531 1361 3582 Gron.
1373 3531 1462 3581 Patres
1478 3534 1507 3581 in

403 3594 479 3645 caric
544 3610 577 3645 ox
588 3594 652 3645 Pnr.
665 3602 695 3644 et
711 3595 744 3645 el.
762 3610 801 3644 eor
812 3594 1011 3654 imunt-ts
1028 3597 1068 3645 Ex
1084 3597 1187 3647 Velleio
1203 3597 1383 3661 stephanoque
1396 3598 1506 3659 corrigit

402 3658 492 3723 Sigon.
509 3659 543 3710 ab
561 3662 645 3725 antiq.
662 3660 925 3724 Saturninique-1⁴
942 3659 984 3709 lta
1002 3660 1082 3711 docet
1100 3660 1191 3725 Sigon.
1210 3676 1259 3726 pro
1277 3664 1347 3726 vulg.
1366 3660 1507 3715 Eumeni.

402 3852 464 3911 dds,
476 3854 496 3903 sl
514 3856 650 3921 conjurare
669 3870 728 3905 cum
744 3855 839 3906 ceteris
854 3854 935 3904 malo·
975 3870 1025 3920 que
1043 3856 1137 3907 deletis
1160 3856 1273 3914 Nolanis,
1290 3854 1335 3920 qni
1355 3854 1451 3906 ebrum
1471 3857 1506 3908 al>

401 3930 501 3982 iurent)
974 3934 1041 3983 Mra.
1066 3948 1188 3985 numerus
1215 3932 1356 3984 constabit.
1389 3933 1507 3985 Fuerant

435 4016 448 4043 ⁸
465 4008 515 4058 Pro
532 4008 696 4071 duodeuiginti
714 4008 830 4073 coloniis}
840 4008 934 4058 crure·
974 4009 1081 4059 coloniae
1102 4009 1134 4058 ad
1153 4009 1342 4075 qninquaginta
1357 4014 1431 4069 tren
1457 4012 1505 4060 sed

403 4086 456 4134 rins
468 4085 620 4147 undeuiginti
630 4084 708 4148 legit:
727 4091 767 4134 tot
778 4084 845 4132 enim
858 4085 939 4147 paulu¹
974 4100 1035 4149 pere
1053 4085 1218 4143 interierant,
1236 4098 1296 4148 perr
1311 4084 1337 4133 iu
1351 4085 1466 4136 nostium
1477 4102 1506 4137 e·

402 4168 463 4227 post
474 4161 551 4224 uulgo
562 4167 742 4211 recensentur·
765 4161 865 4209 Verum
878 4176 936 4209 enm
970 4169 1031 4211 rant
1042 4166 1182 4226 potestate.

405 4246 464 4291 eure
477 4238 563 4288 Lirim
576 4238 684 4301 triginta
700 4238 802 4287 omnino
819 4252 938 4286 numera·
1005 4238 1126 4289 enm
1136 4238 1321 4304 medonem]
1339 4238 1505 4305 Errectiga·

403 4316 481 4371 vcrit‚
494 4321 572 4379 atque
584 4328 616 4364 en
628 4330 660 4365 eo
676 4328 783 4363 numero
799 4314 937 4364 duodecim
972 4316 991 4365 li
1003 4316 1133 4366 vicesima
1142 4316 1176 4365 rb
1186 4316 1219 4365 iis
1230 4316 1273 4380 qni
1287 4316 1507 4367 menumitteben·

404 4391 500 4440 dixerit
516 4372 646 4441 recurrite
659 4391 804 4454 delectmn3
821 4392 938 4456 requitur
975 4398 1018 4441 tur
1038 4393 1116 4454 pendi
1134 4391 1218 4443 solitae
1237 4392 1388 4444 reductum:
1404 4408 1457 4458 qus
1471 4396 1505 4444 de

405 4476 495 4519 utnon
507 4468 554 4517 ruisi
565 4469 710 4519 octodecim
721 4469 861 4533 supersint.
882 4469 937 4519 lta·
973 4482 1003 4518 re
1016 4469 1071 4519 liv.
1086 4468 1131 4519 lib.
1144 4482 1196 4519 vrr.
