3259 5225
508 611 582 664 uro.
605 609 718 666 xxrr.
741 611 826 662 osu.
845 593 902 664 29.
1159 595 1246 664 2227

146 755 212 834 sis,
238 753 297 840 qui
316 754 460 838 plurimo
483 755 650 842 stipendio
670 756 849 825 heberent:
870 763 905 822 et
925 757 1092 824 sociorum
1114 764 1248 844 septem

146 857 259 923 millis
279 858 428 942 peditum
458 865 492 926 et
523 859 662 926 trecenti
682 861 813 946 equites
833 859 1104 945 relinquerentur,
1127 859 1248 926 eedem

147 961 279 1024 ratione
302 961 541 1046 stipendiorum
561 959 701 1028 lurrlritul
722 963 756 1028 in
774 963 942 1030 veteribus
960 963 1122 1029 militibus
1137 962 1248 1028 dimit-

149 1061 272 1128 tendis.
316 1062 380 1130 Gn.
396 1063 520 1131 Fuluio
533 1065 664 1130 consuli
677 1065 856 1150 superioris
872 1065 962 1143 noui,
976 1083 1041 1130 nee
1056 1063 1101 1130 de
1114 1065 1248 1150 provin-

149 1165 209 1229 cie
222 1164 363 1250 Apulis,
377 1187 441 1233 nee
453 1166 498 1234 de
512 1167 674 1247 exercitu,
689 1186 789 1253 quem
803 1167 975 1246 habuerat,
992 1169 1167 1252 quicquum
1177 1185 1248 1232 mu-

149 1272 266 1334 tatum.
306 1267 456 1334 Tantum
473 1271 508 1334 in
529 1287 652 1334 nonum
669 1275 882 1355 prorogatum
904 1269 1075 1353 imperium
1102 1277 1162 1336 est.
1206 1269 1248 1335 P.

150 1369 323 1454 Sulpicius
338 1371 467 1455 college
480 1371 554 1456 ejus
569 1391 703 1440 omnem
716 1373 911 1450 exercitum,
931 1379 1054 1455 praeter
1065 1372 1178 1438 socios
1191 1392 1250 1438 uu·

151 1471 257 1548 veles,
266 1473 384 1558 jussus
405 1474 567 1540 dimittere
579 1483 640 1542 est
685 1475 774 1540 Item
789 1493 836 1541 ex
856 1475 975 1541 sieilia
997 1475 1176 1552 exereitus,
1191 1474 1249 1540 oui

152 1573 207 1641 Μ.
227 1573 401 1642 Comedus
415 1583 589 1662 preesset,
604 1577 663 1644 nbi
678 1579 794 1644 consul
812 1580 847 1644 in
866 1577 1073 1663 provinciam
1089 1577 1249 1654 venisset,

151 1676 276 1742 dimitti
285 1678 436 1762 jussus.'‘
463 1680 502 1748 [a.
518 1679 636 1746 Cineio
649 1680 783 1766 praetori
799 1680 845 1746 ud
865 1679 1081 1747 obtinendum
1096 1679 1250 1744 Sieiliem

151 1777 348 1846 Cannenses
359 1781 482 1848 milites
496 1780 581 1861 deti,
595 1782 736 1848 duorum
746 1783 853 1849 instet
871 1783 1051 1866 legionum.
1093 1781 1250 1847 Totidem

150 1882 300 1963 legiones
312 1883 348 1948 in
362 1884 553 1951 Sardiniam
568 1884 609 1950 Ρ.
624 1885 757 1952 Manlio
781 1885 927 1952 Vulsoni
948 1885 1085 1970 praetori
1098 1884 1251 1964 decretae,

151 1985 276 2069 quibus
289 1986 330 2052 L.
345 1987 520 2054 Cornelius
541 1989 577 2054 in
600 1987 718 2055 eedem
741 1989 914 2074 provincie
937 1989 1044 2073 priore
1063 2005 1150 2052 euno
1163 2003 1252 2070 prm·

151 2087 270 2156 fueret
315 2087 472 2158 Urbanus
491 2091 641 2174 legiones
663 2091 711 2158 itu
734 2091 879 2158 scribere
903 2089 1058 2156 eonsules
1079 2088 1181 2173 jussi,
1208 2107 1267 2184 ne·

152 2209 253 2274 quem
262 2193 403 2259 militem
415 2194 573 2274 lucerent,
583 2195 644 2282 qui
655 2197 689 2262 in
701 2196 852 2262 exercitu
864 2193 914 2260 Μ.
926 2192 1072 2271 Claudii,
1086 2191 1138 2256 Μ.
1148 2190 1251 2256 ane-

150 2293 205 2372 rii,
217 2292 264 2376 Q.
285 2295 411 2376 Fulvii,
424 2296 585 2365 inissent:
598 2306 623 2350 ¹⁷
643 2316 730 2365 nere
748 2317 791 2364 eo
812 2315 900 2364 nuno
923 2297 1047 2382 plures,
1068 2313 1170 2381 quom
1186 2312 1253 2360 une

153 2401 191 2460 et
203 2397 334 2481 uiginti,
350 2398 516 2468 Romnum
529 2401 681 2485 legiones
694 2410 819 2466 essent.

157 2539 161 2548 ·
196 2497 252 2564 29.
274 2497 345 2565 His
370 2508 507 2569 senatus
536 2503 703 2570 consultis
731 2501 902 2588 perlectis,
927 2501 1035 2568 sortiti
1060 2499 1253 2584 provincius

153 2601 320 2669 eonsules.
362 2603 482 2672 Sicilie
503 2612 538 2673 et
551 2606 675 2673 classis
689 2605 865 2682 Marcello,
880 2603 983 2671 ltulin
996 2623 1072 2669 oum
1088 2601 1177 2669 bello
1193 2602 1253 2669 od·¹

155 2722 273 2770 versus
294 2705 520 2773 Hannibelem
536 2708 677 2775 Lmriuo
697 2710 822 2775 evenit.
867 2706 955 2789 Quae
978 2725 1065 2783 sors,
1081 2705 1174 2770 velut
1191 2706 1253 2769 ite*

152 2824 230 2870 rum
244 2810 357 2892 ceptis
366 2810 559 2894 Syracusis,
578 2814 630 2878 ite
643 2812 850 2877 exanimavit
864 2812 1006 2887 Siculos,
1020 2808 1254 2893 expectatione

146 2909 257 2974 sortis
270 2910 305 2973 in
316 2913 491 2979 oons'olom
507 2923 694 3000 conspectu
703 2920 843 2994 stantes,
854 2922 894 2981 nt
903 2912 1123 2996 comploratio
1137 2928 1253 2975 eorum

153 3009 353 3099 flebilesque
373 3035 474 3081 voees
493 3025 528 3082 et
549 3020 721 3105 extemplo
744 3006 864 3085 oeulos
888 3016 1056 3081 homiuum
1080 3020 1254 3079 converte·

154 3113 267 3190 ΜΨ
293 3125 330 3182 ot
354 3121 534 3203 postmodo
561 3142 728 3189 sermones
754 3120 969 3207 praebnerint.
1024 3112 1254 3182 Cirdnmibeut

155 3215 245 3279 enim
259 3222 413 3285 anetum
427 3242 505 3289 oum
519 3230 615 3289 veste
627 3222 775 3301 sordido,
791 3222 1005 3300 affirmantes,
1027 3224 1086 3285 ‘se
1102 3237 1168 3284 non
1183 3237 1253 3283 mo·

155 3316 202 3383 do
215 3322 463 3408 suemqoisque
477 3322 676 3409 petriam,¹⁹¹
697 3326 757 3391 sed
769 3332 877 3391 totum
889 3324 1054 3402 Sieilium,
1066 3320 1253 3400 relicturos,

155 3418 187 3485 si
201 3440 244 3487 eo
258 3420 441 3492 Meroellus
455 3427 577 3495 iterum
596 3449 673 3496 oum
695 3429 839 3515 imperio
858 3425 1014 3495 redisset.
1059 3424 1165 3493 Nullo
1189 3442 1253 3489 suo

613 3626 797 3651 ΟΝΝΜΜΟ

158 3754 209 3804 lid.
221 3754 269 3805 nisi
280 3755 349 3823 qnod
360 3773 412 3810 nou
424 3758 559 3825 distinguit
569 3767 630 3826 post
639 3762 819 3824 legionen-ll
830 3759 880 3811 ‘In
892 3756 1045 3823 quibusdum
1054 3754 1138 3807 editt.
1150 3754 1256 3817 fnium

157 3822 205 3871 sed
223 3830 294 3899 reete
315 3837 345 3872 se
364 3824 572 3889 interfuissent,
591 3826 668 3905 modo
682 3827 718 3905 sd
732 3842 762 3877 ss
770 3841 846 3942 ἅνω
861 3821 1140 3901 niliten'supplererit
1156 3820 1256 3871 corun!

158 3885 301 4002 ”litto
315 3888 1075 4022 &wistremirum
1087 3950 1254 4016 nme·-

655 4166 764 4219 ΝΟΜ

190 4272 689 4345 ‘fflmffliomtimdimlnlitd
727 4296 757 4333 rs
766 4280 862 4333 esteris
872 4274 1003 4343 stipendis
1013 4268 1176 4322 meruissent.

159 4350 193 4401 re
203 4351 367 4401 semitonus
382 4366 474 4419 mss
489 4356 589 4406 marso
599 4358 687 4417 mors,
758 4357 766 4392 ¹
780 4355 962 4421 summ
975 4344 1090 4416 μιήω]
1106 4345 1177 4395 Num
1188 4339 1256 4406 pou·

157 4434 189 4477 ut
209 4436 372 4480 nocumento
397 4430 498 4483 militie
515 4434 687 4500 ulvosum,
726 4448 852 4499 imm
867 4444 978 4498 W
998 4424 1103 4492 lm*
1123 4419 1257 4482 '‘iim'’
1341 4472 1355 4493 s

158 4504 427 4569 qutultrnnmetum
436 4510 687 4579 prumiptumffllu·
724 4516 766 4578 trs.
