3259 5225
365 554 452 623 24³⁰
834 568 870 616 r.
891 565 989 617 nrvrr

365 718 460 802 prius
493 714 529 781 in
562 720 695 801 portum
730 710 910 778 intulerunt
934 710 1203 797 quinqueremes,
1228 730 1331 797 quum
1360 713 1464 779 Poeui

366 836 509 885 ancoras
522 816 727 883 molirentur.
771 814 849 881 Nec
862 816 950 881 nitra
963 815 1142 881 tumultum
1156 817 1246 882 ciere
1261 816 1464 902 quisquam⁷

366 922 401 985 iu
417 923 509 1005 regio
525 926 622 1005 portu
636 918 793 985 audebat.
823 918 945 1006 ltaque
959 919 1055 1003 prior
1067 920 1103 985 in
1119 929 1239 985 terram
1255 909 1466 999 Hasdrubal,

365 1040 448 1089 mox
463 1024 581 1109 Scipio
595 1031 631 1087 et
650 1022 778 1115 Laelius
793 1022 933 1105 egressi,
949 1024 994 1088 ad
1008 1044 1115 1107 regem
1130 1032 1283 1107 pergunt

408 1124 464 1191 18.
488 1123 775 1209 Magnificumque
795 1124 831 1189 id
853 1124 1003 1209 Syphaci
1026 1123 1194 1210 (necerat
1208 1121 1323 1209 ahter)
1342 1124 1466 1201 risum,

366 1227 508 1292 duorum
525 1225 855 1313 opulentissimorum
871 1246 913 1291 ea
928 1234 1131 1311 tempestate
1144 1226 1250 1311 duces
1264 1228 1467 1312 populorum

365 1348 436 1395 unc
445 1329 501 1395 dic
509 1348 606 1397 suam
615 1349 732 1414 pacem
743 1330 993 1415 amicitiamque
1003 1336 1154 1415 petentes
1164 1330 1304 1396 venisse.
1327 1329 1468 1395 Utrum·

366 1452 433 1517 que
442 1432 476 1498 in
489 1432 673 1519 hospitium
684 1434 817 1512 invitat,
830 1439 876 1511 et,
891 1433 1048 1517 quoniam
1063 1432 1133 1498 sors
1145 1453 1206 1498 eos
1217 1433 1282 1497 sub
1293 1451 1362 1497 nuo
1375 1437 1467 1497 tecto

366 1541 563 1621 essentque
583 1534 627 1601 ad
649 1534 791 1601 eosdem
811 1542 977 1620 penates’¹
1001 1535 1187 1615 uoluisset,¹
1209 1534 1401 1602 contrahere
1421 1532 1468 1599 ad

367 1635 574 1723 colloquium
596 1637 856 1703 dirimendarum
878 1636 1096 1703 simultatium
1118 1657 1223 1705 causa
1239 1646 1292 1704 est
1306 1644 1468 1717 conatus3

367 1738 530 1826 Scipione
558 1741 736 1819 abnuente,
765 1747 822 1805 aut
843 1738 1001 1824 privatim
1030 1740 1097 1806 sibi
1121 1742 1229 1807 ullum
1253 1760 1331 1807 cum
1353 1738 1468 1804 Poeno

367 1842 482 1907 odium
496 1862 585 1922 esso,
600 1843 690 1927 quod
706 1842 935 1929 colloquendo
951 1842 1072 1921 finiret,
1086 1850 1148 1908 aut
1167 1843 1209 1908 de
1228 1841 1416 1929 republica
1428 1862 1469 1907 se

367 1965 443 2010 cunr
464 1944 561 2010 hoste
580 1964 677 2028 agere
703 1948 887 2033 quicquam
911 1945 1041 2033 injussu
1060 1952 1198 2011 senatus
1216 1966 1329 2031 posse.
1373 1942 1468 2009 Illud

367 2065 491 2129 magno
514 2066 615 2131 opere
639 2048 791 2115 tendente
816 2056 920 2133 rege,²
939 2069 983 2114 ne
1007 2050 1093 2115 ulter
1113 2050 1283 2141 hospitum
1304 2047 1470 2113 exclusus

367 2168 484 2213 mensa
498 2149 676 2229 videretur,
690 2152 777 2215 utin
792 2152 940 2216 animum
955 2150 1127 2217 induceret
1140 2152 1184 2217 ad
1194 2151 1332 2217 easdem
1353 2150 1469 2215 uenire

369 2252 501 2335 epulas,
516 2252 603 2317 haud
618 2252 746 2319 abnuit·
790 2251 1039 2338 Coeuatumque
1055 2253 1156 2319 simul
1169 2253 1260 2340 apud
1270 2272 1381 2349 regem
1396 2258 1470 2317 esti

367 2358 403 2419 et
424 2354 544 2420 eodem
566 2354 669 2421 etiem
689 2354 781 2421 lecto
804 2356 923 2440 Scipio
945 2362 1046 2441 atque
1074 2356 1274 2423 Hasdrubal
1293 2355 1394 2442 (quia
1418 2356 1471 2419 ita

243 2512 245 2515 .
369 2457 464 2523 cordi
478 2465 551 2522 erat
563 2450 650 2545 regi)
662 2460 910 2525 accubuerunt·¹
952 2457 1192 2526 Tantaautem
1205 2459 1471 2527 iueratoomitas

829 2657 1009 2681 numu

369 2787 520 2851 itm-r
536 2789 628 2840 ‘viere
638 2803 653 2838 e
664 2787 728 2839 Pnt.
748 2802 796 2854 pro
813 2789 882 2854 vulg.
899 2789 968 2840 edere
984 2787 1086 2852 recepit
1098 2786 1182 2838 (iren.
1201 2783 1473 2850 armerum-

369 2853 470 2903 emend.
483 2852 569 2903 Rheu.
588 2853 782 2915 uceimsocers
797 2860 840 2904 est
858 2857 983 2905 meuses
1001 2853 1063 2904 ciere
1078 2853 1148 2918 conj.
1166 2851 1249 2914 (iren.
1282 2850 1373 2900 Malim
1391 2855 1418 2900 et
1434 2851 1473 2900 sis

368 2918 433 2967 altre
444 2920 570 2967 sewun
580 2919 641 2969 ciere
652 2919 694 2968 rei
705 2921 782 2976 edere,
803 2919 868 2984 (aon
884 2921 934 2970 sim
946 2934 1049 2987 qnoque
1062 2919 1211 2983 praliumre
1226 2914 1337 2976 secere)
1348 2920 1377 2965 ut
1393 2917 1472 2978 paulo

368 2991 445 3032 ente:
464 2989 471 3011 ⁸
484 2984 546 3033 nihil
558 2983 628 3033 aliud
647 2997 725 3049 quem
737 2987 875 3035 tumultum
883 3000 914 3035 sc
926 2985 1136 3050 trepidationem,
1150 2979 1304 3033 feceruut.''
1315 2981 1420 3044 liutpert.

403 3051 416 3096 1
435 3047 505 3097 Olim
516 3054 588 3112 stqse
604 3020 638 3100 ud
653 3051 744 3100 sesdess
760 3055 858 3114 peram
871 3066 920 3101 sess
929 3052 1051 3101 ωιιίωιέ.
1076 3050 1085 3077 ‘
1099 3048 1175 3100 Quod
1188 3048 1275 3112 Sigon.
1285 3060 1379 3109 magne
1388 3042 1471 3094 cond-

334 3125 338 3141 ·
369 3111 460 3161 dentis
471 3113 513 3162 hic
526 3117 638 3178 reponit,
653 3119 723 3178 stqrs
740 3114 767 3164 r's
778 3117 859 3164 esders
871 3119 957 3179 penate
964 3131 974 3174 ‚·
991 3115 1041 3164 ersi
1056 3114 1159 3163 duobus
1169 3113 1274 3162 summis
1285 3112 1346 3160 siris
1364 3125 1473 3174 persue-

369 3177 444 3240 serit,
454 3191 503 3226 nec
515 3190 560 3228 nos
571 3179 598 3228 in
609 3179 661 3229 ullo
672 3180 827 3243 invenimus,
837 3187 865 3228 et
877 3194 931 3243 pre
944 3180 1049 3243 sulgeto
1060 3178 1238 3243 recipiendum
1250 3191 1300 3226 non
1312 3190 1370 3225 esse
1381 3176 1474 3225 certis·

369 3242 433 3290 sirus
445 3243 545 3292 rarione
557 3244 583 3292 iu
595 3257 634 3294 ιν.
647 3242 760 3294 Obserr.
773 3248 798 3294 6.
810 3243 943 3293 evicimus.
970 3245 1031 3294 Duo
1043 3243 1213 3294 recentissimi
1224 3242 1251 3291 irs
1261 3243 1352 3292 mess
1360 3246 1474 3303 metor

369 3307 454 3356 ceteri
473 3321 570 3370 omnes,
581 3319 610 3358 ut
632 3310 742 3359 antehac
759 3307 935 3370 publicatum·
951 3309 980 3358 J.
992 3309 1023 3359 F.
1036 3310 1163 3359 orm-a
1179 3307 1211 3356 ln
1222 3305 1289 3356 hene
1301 3306 1474 3356 mutationem

370 3371 404 3422 ab
415 3371 497 3434 eutiq.
515 3371 577 3421 leet.
593 3373 654 3422 s'llsd
669 3387 810 3438 mopere
828 3375 980 3425 wsmdssts
993 3387 1051 3436 rege
1066 3376 1176 3424 ‘omues
1194 3371 1264 3421 Geli.
1282 3377 1311 3422 et
1328 3370 1397 3421 Pell.
1416 3378 1473 3421 tun

369 3435 443 3486 Voss·
461 3434 596 3503 cedesque
607 3438 734 3495 Rhensui,
755 3452 832 3504 quem
851 3445 939 3488 temen
957 3437 998 3489 hle
1015 3440 1061 3489 ille
1072 3440 1184 3504 speruit,
1199 3435 1385 3488 concutiunt!
1400 3437 1428 3486 d·
1439 3435 1473 3486 F.

868 3617 976 3671 NOl'AE

403 3732 472 3783 'Ad
488 3735 580 3785 mss
594 3733 901 3800 mssr18igon.coufi·
941 3733 1080 3787 cumhendl
1095 3733 1176 3785 rethe
1195 3731 1228 3782 sd
1245 3737 1382 3796 receptum
1402 3733 1474 3798 apud

370 3807 547 3876 dentesquesi
567 3825 601 3861 ex
617 3812 749 3863 veteribus
769 3811 841 3861 libris
860 3825 902 3860 re·
943 3811 1070 3862 Romanos
1081 3809 1133 3860 cihi
1145 3805 1265 3875 capiendi
1280 3821 1378 3856 morem
1392 3809 1476 3872 perti·

371 3891 455 3951 ponit,
476 3890 503 3938 r'rs
522 3891 602 3940 orders
626 3895 719 3954 muts,
742 3888 813 3954 quod
841 3889 902 3939 oliuu
926 3888 1024 3938 'nsutz
1042 3887 1088 3938 sed
1109 3887 1200 3936 horum
1222 3882 1361 3933 verborum
1382 3883 1477 3935 discri-

371 3963 488 4016 Lsheoui
510 3968 591 4016 risum
615 3968 710 4032 perustis
736 3967 904 4030 singulariter
942 3979 1001 4015 meu
1016 3955 1414 4025 uouineoposltuminitquod
1431 3974 1477 4011 sc.

370 4042 433 4098 dlcl.
451 4043 541 4096 tradat
560 4045 660 4109 Festus,
672 4045 715 4111 qui
736 4045 904 4110 proportione
942 4042 1065 4092 cumbae
1085 4040 1197 4090 Deorum
1214 4042 1294 4092 esset,
1311 4034 1477 4088 discumbere

366 4135 442 4184 pesse
457 4121 511 4173 dici
527 4135 602 4187 posse
621 4123 767 4174 existimet:
790 4120 838 4172 sed
854 4135 904 4172 uec
943 4126 1030 4171 autera
1047 4115 1192 4175 hominum
1210 4111 1426 4178 quemadmodum
1439 4113 1477 4164 Α·

371 4199 441 4262 apud
453 4199 553 4252 Ll'riuur
567 4201 594 4250 in
612 4201 665 4252 ullu
680 4200 839 4252 codicehsrc
851 4199 904 4248 lec·
943 4195 1017 4246 croui
1028 4191 1197 4259 grammatico
1215 4188 1242 4238 ia
1260 4187 1354 4238 lieret.
1372 4188 1416 4238 od.
1431 4193 1477 4242 2⁷.

371 4275 426 4325 tio:
460 4291 545 4342 neque
567 4291 624 4328 esni
646 4276 824 4344 recipiendam
845 4289 905 4327 esse
944 4271 1022 4323 tina.
1038 4270 1119 4319 sirum
1136 4275 1187 4317 eet.
1218 4263 1272 4315 Sed
1286 4264 1356 4328 quod
1373 4277 1477 4315 eccam·

373 4351 468 4417 prohat
480 4355 563 4405 (iren.
575 4355 800 4409 Observatum.
946 4349 1009 4400 lucre
1037 4343 1169 4396 reseretur
1197 4341 1231 4392 sd
1263 4353 1377 4391 mearam
1403 4342 1478 4393 circs

405 4435 418 4462 ¹
432 4430 610 4496 Amalune]
627 4428 905 4484 Accumbeudietdis·
945 4439 1034 4494 quem,
1045 4420 1209 4474 discumbere
1224 4415 1259 4469 ed
1276 4418 1373 4468 lectura
1383 4417 1412 4468 iu
1422 4433 1477 4484 11⁸⁰
