3259 5225
418 568 506 633 2460
906 581 941 633 u.
966 582 1062 635 urvrr

418 738 546 815 partes,
563 730 673 796 omnis
695 734 722 771 ¹¹
737 729 907 815 equitatus
921 730 956 794 in
974 727 1083 793 aciem
1095 727 1278 794 descendit
1323 727 1424 808 Quod
1439 723 1522 794 reli-

417 853 521 919 quum
533 832 679 917 peditum
689 839 770 910 erat,
786 831 928 915 obliquo
945 832 1190 896 constituerunt
1204 832 1357 896 colle.¹³t
1386 831 1519 913 Scipio,

417 956 613 1021 praeeesse
628 936 694 1001 loci
709 936 884 1017 angustias
899 938 1014 1013 ratus:
1023 942 1058 998 et
1072 933 1162 1018 quod
1174 935 1208 997 in
1217 940 1310 999 arcto
1321 932 1520 1017 puguaRo-

416 1057 516 1105 mano
538 1040 657 1123 aptior,
680 1057 783 1121 quam
809 1038 970 1123 Hispano
1000 1037 1109 1118 militi,
1132 1036 1248 1103 futura
1269 1035 1456 1114 videbatur,
1481 1041 1520 1101 et

417 1142 511 1227 quod
525 1142 561 1207 in
581 1162 655 1205 eum
670 1141 778 1206 locum
794 1139 945 1207 detracta
958 1141 1103 1206 hostium
1123 1140 1219 1205 acies
1235 1138 1353 1218 esset!
1369 1138 1429 1224 qui
1448 1158 1519 1204 non

417 1264 549 1309 omnem
570 1243 815 1309 multitudinem
836 1263 953 1308 eorum
973 1248 1120 1327 caperet,
1141 1261 1234 1307 noro
1254 1245 1354 1307 etiam
1369 1241 1519 1307 consilio

416 1346 543 1432 adjecit
558 1348 725 1412 animum:
749 1348 892 1431 equitem
902 1366 967 1411 uec
978 1366 1015 1411 se
1027 1366 1128 1431 posse
1139 1345 1346 1427 circumdare
1354 1345 1518 1410 cornibus

416 1449 450 1515 iu
465 1458 534 1515 tam
550 1459 691 1533 angusto
703 1451 828 1534 spatio,
843 1458 877 1515 et
891 1448 992 1528 hosti,
1004 1466 1102 1532 quern
1114 1468 1189 1513 cum
1201 1449 1314 1533 pedite
1326 1449 1518 1526 eduxisset,

415 1553 568 1619 inutilem
588 1554 682 1619 fore!
726 1554 849 1638 Itaque
866 1554 1008 1638 imperat
1022 1553 1140 1631 Laelio,
1154 1562 1193 1618 ut
1211 1573 1271 1637 per
1285 1554 1389 1619 colles
1411 1572 1519 1636 quarn

399 1657 648 1723 occultissimo
691 1658 805 1722 itinere
836 1656 1068 1721 circumducat
1100 1656 1248 1741 equites,
1285 1662 1518 1738 segregetque,

416 1766 574 1843 quantum
584 1761 707 1845 possit,
721 1766 908 1844 equestrem
921 1779 942 1824 a
956 1758 1105 1843 pedestri
1120 1763 1307 1842 pugnam.¹4
1349 1758 1431 1839 Ipse
1445 1777 1517 1821 om·

415 1862 471 1925 nia
494 1862 586 1944 signa
612 1862 758 1947 peditum
782 1863 818 1925 in
840 1862 952 1926 hostes
976 1862 1094 1925 vertit:
1130 1868 1275 1945 quatuor
1298 1858 1453 1924 cohortes
1481 1860 1518 1924 in

415 1962 523 2030 fronte
539 1966 670 2043 statuit,
686 1966 767 2048 quia
783 1965 885 2029 latius
904 1962 1053 2048 pandere
1069 1964 1177 2028 aciem
1188 1981 1255 2026 non
1273 1968 1418 2046 poterat.
1439 1962 1517 2028 Μο-

416 2084 488 2130 ram
503 2066 673 2149 pugnandi
692 2067 817 2132 nullam
833 2066 927 2145 fecit,
943 2073 981 2132 nt
996 2068 1071 2150 ipso
1090 2066 1273 2130 certamine
1291 2072 1457 2130 averteret
1471 2066 1517 2129 ah

416 2174 600 2251 conspectu
616 2170 857 2233 transeuntium
876 2188 939 2254 per
959 2168 1064 2235 colles
1085 2168 1249 2252 equitum.
1292 2165 1417 2251 Neque
1437 2176 1518 2233 ante

416 2268 670 2336 circumductos
689 2292 832 2351 sensere,
847 2291 948 2358 quam
966 2272 1143 2337 tumultum
1158 2270 1325 2356 equestris
1342 2290 1461 2354 pugnae
1472 2272 1517 2336 ab

414 2380 507 2456 tergo
539 2392 709 2457 accepere.
753 2374 809 2438 lta
838 2374 904 2439 duo
933 2374 1084 2458 praelia¹⁵
1111 2380 1230 2439 erant:
1255 2374 1333 2438 duee
1359 2372 1516 2457 pediturn

416 2476 520 2556 acies,
534 2475 602 2540 duo
621 2476 793 2561 equitatus
810 2496 871 2561 per
886 2476 1120 2560 longitudinem
1147 2478 1258 2559 campi
1275 2475 1370 2560 (quia
1384 2476 1519 2544 misceri

415 2598 462 2644 ex
480 2598 595 2661 genere
607 2584 743 2664 utroque
764 2580 918 2665 praelium
936 2578 1174 2662 angustimnou
1188 2575 1415 2664 patiebantur)
1429 2599 1516 2663 pug-

414 2683 552 2748 nabant
597 2682 832 2766 Hispanorum
853 2702 929 2748 cum
945 2701 1053 2766 neque
1073 2682 1179 2766 pedes
1196 2683 1315 2766 equiti,
1331 2701 1393 2746 nec
1409 2703 1518 2767 eques

416 2785 524 2870 pediti
545 2785 677 2850 anxilio
699 2790 797 2864 esset,
807 2783 915 2870 pedes
925 2784 1053 2849 fidncia
1065 2785 1191 2869 equitis
1210 2794 1335 2849 temere
1356 2787 1520 2851 commis·

417 2907 476 2952 sus
497 2906 620 2969 campo
644 2885 838 2965 crederetur,
860 2906 961 2971 eques
982 2887 1226 2952 circumventus
1242 2907 1306 2952 nec
1334 2885 1480 2972 peditem
1495 2907 1520 2954 a

414 2986 653 3073 fronte,‘¹‚(jam
672 2988 761 3053 enirn
789 2996 903 3055 stratae
926 2989 1099 3075 pedestres
1120 2991 1230 3075 copiae
1251 2987 1361 3075 erant)
1384 3010 1451 3056 nec
1473 2993 1518 3057 ab

425 3233 428 3239 ,
447 3211 459 3235 e
475 3201 528 3252 Sibi
538 3207 669 3256 commodus
679 3222 730 3256 esse
739 3214 828 3272 prtem
837 3210 970 3271 martine.

446 3266 462 3308 s
479 3269 514 3316 Eo
523 3276 651 3331 pertracta
662 3273 758 3322 tortiles
767 3276 939 3337 copiosorent,
949 3278 990 3339 qe.

445 3337 460 3374 ¹
477 3332 600 3408 Proetfreu
612 3349 697 3385 aarum
713 3338 736 3387 ei
754 3341 877 3390 comittem
891 3340 918 3388 in
932 3346 1034 3390 nentem
1045 3341 1121 3401 nait,
1131 3358 1186 3402 reor
1196 3342 1297 3406 rideret,
1307 3357 1350 3393 m
1366 3358 1391 3394 re
1407 3341 1434 3390 in
1450 3349 1520 3392 eret·

416 3396 478 3472 ndeq
485 3405 564 3460 rpntro
574 3413 640 3473 poree
653 3401 690 3449 nti
701 3403 809 3465 equitata
824 3419 876 3466 ruo,
885 3409 913 3453 at
930 3405 1005 3455 lutera
1021 3408 1127 3470 pediturn
1143 3409 1199 3457 tier
1209 3415 1279 3472 utque
1289 3409 1345 3457 inde
1355 3413 1480 3464 tueretm
1494 3412 1520 3456 et

416 3459 517 3586 torta?
527 3469 667 3530 equitatum,
677 3468 717 3530 qai
725 3466 779 3528 ,ium
789 3485 837 3518 aaa
847 3485 899 3520 cum
906 3470 1027 3534 peditibus
1037 3472 1062 3521 ia
1073 3473 1147 3523 ωἰη
1157 3473 1186 3522 ud
1197 3473 1229 3523 ta
1238 3475 1335 3524 eductae
1342 3478 1405 3536 erat,
1415 3473 1476 3525 aelli
1484 3472 1521 3523 eit

417 3539 471 3575 urar
497 3541 545 3576 ore.

877 3647 1057 3669 Olmm

417 3755 483 3801 -lt
502 3751 608 3804 Habent
627 3762 651 3805 et
668 3757 744 3807 aaut·
760 3758 829 3811 Edd.
845 3763 992 3827 antiq-4⁸
1011 3765 1177 3814 Constiterant
1188 3764 1271 3816 Rhea.
1283 3773 1312 3816 et
1331 3767 1431 3818 ιιι-14
1449 3769 1520 3830 1³13·

416 3831 448 3893 no
460 3819 541 3868 Gran.
555 3821 661 3898 Donjan
675 3823 814 3876 Creu—lt
833 3827 941 3878 Habent
953 3829 1035 3880 Gron.
1046 3831 1156 3894 Doujrt·
1166 3831 1244 3882 Creu.
1260 3825 1420 3884 additionem
1434 3835 1520 3900 antiq.

417 3883 682 3950 druerrounteproelm.
1290 3911 1294 3919 “

913 4025 1021 4078 NOTAE

450 4113 583 4179 rotttquo
594 4118 845 4185 contitueranteotte]
861 4121 947 4187 Vulgo
987 4124 1213 4187 inprreliilocnm.
1272 4127 1275 4131 ’

418 4195 459 4240 est
470 4191 635 4257 maritarat,
645 4209 720 4244 seusu
733 4209 824 4259 parum
836 4195 947 4249 diverto.
1019 4209 1032 4244 t
1049 4201 1103 4251 Nee
1114 4202 1219 4266 peditem
1228 4204 1349 4268 ufmte]
1373 4205 1520 4261 &menon

418 4261 494 4328 Vult,
512 4267 683 4331 Hispanorum
700 4273 815 4337 equitnm
834 4285 945 4337 partem,
986 4278 1085 4328 scilieet
1102 4279 1257 4345 peditatum,
1270 4283 1313 4347 qui
1326 4280 1384 4332 furo
1397 4285 1521 4350 Hispani·

418 4353 494 4403 quam
506 4338 577 4392 trous
593 4345 656 4394 aciei
673 4359 723 4396 non
737 4349 948 4412 capiebanloca·
987 4369 1019 4403 oo
1041 4354 1161 4419 peditatu
1181 4357 1209 4407 in
1228 4360 1375 4424 equitatum
1396 4361 1520 4414 hostilem

419 4419 473 4466 tun
485 4417 512 4466 in
522 4419 599 4484 colle,
610 4422 655 4487 qui
664 4429 852 4477 er'tranrrerro
865 4426 946 4479 ferret
986 4431 1164 4483 invehebatur.
