3259 5225
374 514 463 583 2128
843 533 880 581 r.
904 531 999 581 mvn

376 675 461 742 sulae
477 675 638 740 inveniret
649 682 777 759 portes.
822 674 1018 754 Marcellus,
1032 682 1083 754 ut,
1096 673 1224 741 moenia
1233 674 1415 757 ingressus,
1427 692 1474 739 ex

375 778 605 863 superioribus
630 777 718 843 locis
741 778 873 857 urbem,
895 779 1043 843 omnium
1068 777 1169 842 fermo
1191 777 1250 841 illa
1274 782 1474 859 tempestate

373 881 643 965 pulcherrimam,
658 880 844 965 subjectam
864 881 974 947 oculis
987 880 1082 958 vidit,
1096 880 1324 965 illacrymasse
1339 877 1474 955 dicitur,

372 984 495 1067 partim
517 982 642 1065 gaudio
666 988 769 1048 unta
792 990 992 1069 perpetrate
1006 984 1066 1061 rei,
1082 984 1202 1067 partim
1215 979 1476 1063 vetustagloria

371 1086 476 1155 urbis.
520 1086 771 1151 Atheniensium
784 1088 915 1151 classes
929 1083 1117 1163 demersae,¹¹
1130 1091 1164 1150 et
1178 1084 1245 1150 duo
1255 1086 1404 1167 ingentes
1413 1104 1475 1148 ex·
1532 1153 1536 1157 Α

371 1190 499 1253 orcitus
513 1208 591 1253 cum
606 1188 739 1255 duobus
755 1189 954 1255 clarissimis
964 1189 1105 1254 ducibus
1113 1187 1228 1264 deleti,
1243 1188 1474 1264 occurrebant,

372 1298 410 1357 et
431 1298 481 1357 tot
504 1293 689 1357 bellacum
712 1287 1056 1375 Carthaginiensibus*
1076 1296 1171 1355 tanto
1186 1310 1263 1355 cum
1282 1287 1474 1355 discrimine

370 1403 490 1480 geste3
512 1402 563 1461 tot
576 1400 645 1461 tam
660 1395 811 1479 opulenti
829 1395 959 1479 tyranni
970 1399 1189 1478 regesque;¹⁵
1212 1396 1474 1476 praeterceteros

371 1498 497 1575 Hiero,
517 1518 592 1563 cum
615 1498 857 1564 recentissimae
876 1498 1044 1564 memoriae
1064 1517 1137 1572 rex,
1159 1505 1229 1561 tum
1252 1493 1473 1571 antemnis,

371 1620 449 1686 qum
472 1601 578 1666 virtus
602 1600 634 1665 ei
655 1599 857 1684 fortunaque
878 1619 941 1667 sua
959 1600 1108 1679 dederat,
1122 1598 1295 1663 beneficiis
1310 1596 1346 1660 iu
1360 1614 1473 1680 popu·

370 1702 439 1768 ium
465 1702 657 1769 Romanum
684 1702 835 1786 insignis.
893 1702 945 1769 Ea
973 1724 1048 1768 cum
1077 1703 1235 1768 univorsa
1262 1702 1474 1764 occurrerent

373 1806 499 1883 animo,
514 1804 704 1888 subiretque
724 1805 895 1887 cogitatio,
904 1807 979 1891 jam
992 1806 1052 1871 illa
1065 1811 1234 1870 momento
1248 1803 1340 1869 borae
1354 1819 1474 1867 arsura

370 1908 483 1973 omnia
505 1907 607 1972 etad
629 1907 757 1973 cineres
779 1908 945 1987 reditum
968 1907 1062 1991 prius
1076 1905 1293 1992 quamsigue
1306 1903 1473 1985 Achradi-

368 2028 447 2075 nam
457 2006 483 2049 ¹⁶
505 2008 707 2087 admoveret,
723 2010 897 2094 praemittit
910 2010 1156 2094 Syracusanos,
1171 2008 1231 2091 qui
1244 2008 1361 2072 intra¹⁷
1384 2025 1472 2091 prae·

370 2110 459 2179 sidia
475 2110 641 2190 Romane,
656 2118 694 2177 ut
706 2118 783 2177 ante
799 2113 929 2179 dictum
944 2120 1009 2192 est,
1023 2113 1166 2191 fueraut,
1180 2117 1221 2174 ut
1239 2109 1390 2193 alloquio
1404 2107 1471 2173 leni

373 2212 568 2297 pellicerent
579 2212 693 2278 hostes
708 2214 752 2279 ad
768 2214 953 2281 dedendam
969 2217 1096 2281 urbem.

412 2313 466 2379 2&
482 2311 662 2380 Tenebant
673 2314 878 2381 Achradinae
893 2324 1007 2400 portas
1018 2336 1198 2401 murosque
1208 2316 1354 2381 maxime
1364 2318 1472 2378 bans-

368 2416 471 2499 fugae,
484 2416 609 2500 quibus
621 2417 717 2482 nulla
727 2426 798 2483 erat
812 2439 872 2504 per
886 2419 1095 2485 conditiones
1105 2420 1215 2485 veniae
1225 2428 1325 2503 spes:
1362 2415 1395 2481 Ii
1406 2434 1471 2481 nec

369 2518 461 2584 adire
483 2536 607 2594 muros,
627 2538 689 2585 nec
713 2520 844 2607 alloqui
864 2542 1054 2607 quenquam
1075 2523 1180 2607 passi.
1225 2519 1351 2604 Itaque
1374 2518 1472 2585 Mar·

369 2621 491 2700 celius,
504 2629 689 2706 postquam
711 2623 748 2688 iti
772 2625 944 2710 inceptum
968 2627 1096 2692 irritum
1116 2625 1190 2704 suit,
1203 2625 1248 2690 ad
1263 2616 1471 2708 Euryalum*

368 2725 464 2809 signa
473 2724 584 2790 referri
596 2723 712 2810 jussit.
754 2726 927 2793 Tumulus
947 2735 1000 2794 est
1019 2729 1054 2793 in
1073 2735 1227 2794 extrema
1247 2735 1343 2812 parte
1364 2726 1470 2807 urbis,

368 2905 581 3021 mwmw‘
591 2907 725 2957 amaram
739 2911 850 2971 poteram
863 2908 921 2968 sare
931 2913 959 2957 at
969 2907 1063 2957 sealaar
1080 2921 1124 2971 per
1133 2910 1204 2972 pasta
1215 2911 1239 2956 et
1249 2904 1394 2956 aarum
1402 2907 1470 2970 pasis

826 3063 1008 3085 ΟΝΜΝΜΟ

284 3205 287 3210 r
365 3163 547 3212 tesseres-is
564 3167 572 3192 t
586 3163 668 3213 Totas
678 3168 728 3213 tarn
737 3165 953 3230 opalenrisymaa'
963 3179 1076 3230 regesque
1090 3165 1197 3231 (Hiero.
1207 3165 1286 3230 (leia,
1296 3163 1428 3226 Dionysii,
1441 3171 1470 3213 aa

366 3225 424 3291 aiil)
436 3226 503 3276 Edd.
515 3233 577 3276 ante
587 3227 672 3279 Gran.
689 3227 759 3279 forte
778 3232 874 3279 rectius
883 3249 892 3293 ;
909 3232 950 3281 rel
967 3239 991 3282 et
1007 3247 1056 3297 pro
1069 3231 1114 3282 ω’
1132 3232 1308 3296 Rupere-iti
1323 3229 1469 3280 senariae

366 3291 435 3343 Edu.
447 3297 508 3341 aute
524 3292 705 3344 cresson-tr
723 3293 765 3345 ΑΙ.
781 3297 854 3346 later.

864 3409 970 3462 NOTAE

398 3499 898 3570 *Arnemetmmwrewei-
937 3521 1086 3558 racusarum
1097 3506 1193 3569 repulsi
1209 3521 1224 3554 a
1241 3505 1368 3571 Dionysio
1379 3512 1469 3570 tyran·

362 3575 383 3626 ll
394 3575 610 3642 Peloponnesiaci
627 3595 695 3632 anuo
712 3588 752 3634 rs.
769 3587 854 3636 misam
870 3586 896 3635 in
936 3599 981 3648 no,
992 3582 1155 3649 Olympiadis
1165 3586 1207 3631 oo.
1217 3595 1285 3632 anno
1301 3585 1325 3630 1.
1343 3589 1401 3645 post
1417 3581 1468 3632 Ro·

362 3651 539 3717 Syracusanas
561 3657 658 3708 classes
679 3660 713 3709 ab
733 3659 898 3712 Atheniensi·
936 3673 1003 3709 mam
1012 3659 1143 3709 conditam
1152 3654 1468 3720 lotbacrieiudeoiymp.

363 3727 423 3792 bus,
433 3740 491 3794 psat
503 3733 606 3797 longam
618 3735 788 3800 obsidionem,
801 3753 894 3790 mersas
937 3740 994 3787 liiii.
1004 3752 1020 3785 a
1030 3735 1195 3786 Timoleonte
1206 3732 1342 3784 Corinthio
1355 3733 1468 3798 Syracu·

363 3804 618 3877 fuerant,dncesqne
635 3813 736 3864 iliorum
757 3815 849 3866 Nicias
867 3826 896 3866 et
935 3811 1142 3863 sanorumduce.
1175 3811 1296 3874 Militi
1309 3809 1469 3874 Mssffllii·

363 3883 553 3938 Demosthenes
570 3890 631 3940 eaesi
646 3904 662 3939 a
678 3891 796 3956 Gylippo
812 3894 895 3944 Lace·
935 3891 977 3941 cie
997 3889 1045 3940 snb
1067 3893 1124 3939 118.
1141 3888 1335 3953 Olympiadem,
1352 3902 1368 3938 a
1388 3888 1468 3952 Syra·

362 3957 490 4011 demonio
500 3962 578 4028 duce,
589 3967 695 4031 olymp.
706 3972 748 4018 ot.
759 3969 831 4020 urbia
842 3970 895 4020 Ro·
935 3967 1002 4018 casia
1013 3967 1045 4018 ad
1056 3967 1138 4032 ipsam
1148 3965 1332 4030 Carthaginem
1344 3968 1470 4018 translata

362 4037 646 4092 masanoiermessu.
936 4045 1046 4096 obsidio.

397 4111 405 4146 ¹
419 4115 480 4163 Cana
491 4115 739 4184 Crrtlnghinsiisr]
754 4118 779 4169 Δ
793 4119 895 4174 Gelone
966 4119 981 4156 ¹
997 4123 1037 4170 Ari
1046 4119 1186 4185 Eventu]
1195 4119 1321 4170 'lemnius
1332 4124 1399 4182 erat,
1410 4118 1467 4170 sira

362 4187 480 4250 inprimis
503 4190 721 4254 Syracusanorum
748 4209 811 4260 rege
832 4197 894 4247 victi
933 4200 1016 4264 sollis,
1028 4213 1075 4267 per
1090 4212 1168 4262 quem
1181 4193 1418 4255 ascendebaturnri
1431 4195 1466 4246 li·

361 4263 442 4312 nobili
454 4266 542 4329 praelio
561 4270 594 4318 ad
611 4269 746 4328 Himeram
758 4272 894 4339 Cartbagi-
933 4275 1044 4340 pipolas,
1054 4287 1204 4340 quarumea
1214 4287 1280 4324 arar
1297 4272 1361 4324 alias
1371 4273 1465 4336 Etsye-

362 4338 467 4391 niensea
488 4342 645 4408 Olympiade
665 4351 706 4398 ⁷⁴.
728 4348 777 4398 sub
797 4366 894 4402 annuus
933 4351 990 4413 laer
1005 4350 1232 4404 bodielenerlere.

363 4415 441 4466 Urbis
452 4421 509 4470 271.
542 4419 626 4472 iidem
643 4421 676 4475 ab
692 4421 828 4476 obsidione
845 4427 893 4492 Sy.
