3259 5225
523 389 546 440 o

447 531 518 580 nie.
543 528 690 578 xxviii.
715 529 798 580 cnr.
823 513 854 577 1.
1108 511 1195 578 2389

127 675 283 738 Gaditanos,
293 673 339 740 qui
351 679 441 738 portas
452 672 572 724 redeunti
585 673 742 734 clauserant,
752 680 780 724 ot
791 671 854 724 iude
869 669 904 722 ad
919 669 1055 738 Pityusam
1065 669 1195 722 Baliares·

128 771 183 820 que
201 754 298 805 inscius
316 753 425 817 trajicit.
457 756 498 803 88.
516 753 601 818 Scipio
613 754 719 804 Ruinam
740 767 857 802 retortus
874 754 955 816 maia
974 759 1059 802 tentat
1072 753 1195 817 triurnpbi

128 851 216 901 spem,
226 851 301 902 quarn
319 836 387 900 petit
404 835 582 900 pertinaciter,
600 842 629 885 et
644 835 734 886 consui
751 843 856 884 creatur
872 849 930 884 cunr
947 835 979 884 P.
990 834 1089 886 Licinio
1100 835 1195 886 craeso

129 915 257 982 pontifice
267 917 385 968 maximo.
418 915 547 968 Pretoriu
565 917 669 968 comitia
686 925 714 966 et
731 916 881 981 provincie.
914 919 956 966 89.
973 915 1130 979 Legationes
1146 916 1195 965 Sa·

129 999 298 1063 guntinoruna
317 997 475 1064 aliorumque
495 999 648 1063 populorum
669 998 695 1048 iu
712 1005 805 1048 uenatu
821 997 928 1047 auditu.
969 999 1061 1048 dit-⁴2.
1077 997 1195 1059 Scipioni

128 1079 250 1130 Africani
267 1079 426 1146 provinciana
445 1079 545 1144 petenti
563 1079 719 1130 contradicit
736 1077 941 1143 advertaturque
958 1078 991 1129 Q.
1004 1077 1099 1128 Fabius
1109 1078 1195 1128 biani-

128 1174 199 1210 mut·
228 1164 321 1211 todo.
341 1159 427 1225 Hujus
449 1161 590 1212 orationem
613 1160 658 1210 ilie
680 1157 787 1209 refutat.
819 1163 862 1209 45.
885 1158 1064 1210 Altercationo
1085 1159 1194 1210 Petrum

118 1241 271 1305 inducite,
282 1241 442 1306 tribunisque
459 1241 543 1305 piebis
554 1239 784 1302 intercedentibus,
795 1256 847 1307 quo
863 1241 945 1290 minut
957 1241 988 1290 de
1006 1256 1038 1291 eu
1054 1255 1083 1291 re
1095 1239 1196 1291 feratur

129 1323 167 1371 ad
183 1323 314 1386 populum,
330 1321 447 1387 Scipioni
463 1321 612 1373 decernitur
621 1321 720 1386 Sicilia,
729 1323 951 1387 permittiturqne,
961 1331 990 1372 ut
1002 1321 1064 1372 inde
1080 1322 1196 1386 trajiciat

130 1403 160 1454 in
173 1403 298 1468 Africam,
312 1403 334 1454 ei
351 1403 379 1453 id
396 1418 412 1453 e
429 1418 458 1455 re
474 1403 580 1470 pubiica
597 1417 654 1454 este
668 1411 782 1456 censeat.
814 1403 890 1455 Idem
907 1404 996 1468 Scipio
1012 1404 1086 1454 iudce
1102 1404 1157 1454 edit
1167 1403 1194 1453 iu

128 1484 257 1548 Hispania
267 1491 352 1550 votor,
363 1492 392 1536 ct
402 1493 458 1536 turn
469 1486 626 1536 voluntarios
643 1485 733 1536 scribit
748 1487 851 1542 militet.
863 1494 918 1535 turn
932 1487 1060 1536 sociorum
1072 1484 1194 1549 impensio

129 1579 203 1616 xxx.
215 1580 294 1616 narce
304 1567 393 1631 iungas
404 1567 510 1617 instruit
520 1575 662 1632 armetque.
695 1571 737 1617 dii.
753 1567 818 1617 'l'una
829 1567 872 1617 iiio
883 1567 909 1616 iu
920 1567 1043 1622 Siciliam,
1056 1565 1156 1630 cciiegu
1166 1565 1194 1614 in

129 1645 259 1710 Bruttios,
270 1655 445 1713 praetoresque
459 1647 486 1697 in
501 1648 680 1713 unuquisque
697 1647 844 1710 prouincias
855 1645 1054 1712 proficiscuntur
1064 1661 1073 1707 3
1087 1651 1124 1709 et,
1134 1645 1195 1710 quia

127 1727 167 1788 pd
182 1727 276 1778 belinus
287 1726 363 1778 deest
380 1727 499 1791 pecunia,
509 1733 652 1792 quaestores
663 1727 787 1792 jubentur
803 1727 917 1779 vendere
934 1735 1035 1791 Partem
1053 1727 1109 1791 agri
1119 1727 1195 1778 ean·

129 1809 201 1873 pani.
229 1808 421 1872 biagociassem
429 1808 539 1874 appeiiit
548 1809 582 1858 ad
593 1822 663 1859 oram
673 1809 812 1872 Ligurum
828 1816 856 1858 et
866 1821 954 1859 mx.
964 1822 1044 1858 naues
1054 1808 1194 1859 Poenoruut

129 1891 258 1940 onerariae
269 1890 341 1940 circa
350 1891 492 1941 Sardiniam
502 1889 535 1940 ub
542 1891 589 1940 Cn.
596 1889 709 1941 Octauio
720 1889 869 1954 capiuntur.
900 1889 933 1940 lu
942 1889 1053 1940 Bruttiis
1064 1889 1194 1941 Romanos

131 1973 280 2038 Poeuuaqoe
290 1971 448 2038 pestilentia,
456 1979 484 2022 et
494 1972 540 2022 bos
550 1985 629 2035 snper
640 1970 756 2021 morbum
767 1969 846 2021 otiam
857 1969 938 2022 samer
949 1968 1038 2022 afficit.

97 2231 134 2296 1.
159 2205 259 2298 Cum
279 2234 421 2300 transitu
443 2231 683 2313 Hasdrubalis,
705 2240 864 2321 quantum
883 2235 920 2299 sn
939 2233 1071 2300 ltaliam
1092 2230 1194 2298 onii-

97 2341 283 2400 naverat¹·
304 2336 394 2414 beili,
417 2343 545 2401 tantum
567 2337 689 2402 levatae
713 2336 894 2421 Hispaniae
918 2335 1122 2414 viderentn13
1145 2352 1193 2397 ro-

97 2443 217 2501 nntnm
239 2438 287 2502 ibi
312 2439 423 2502 subito
446 2459 508 2524 par
533 2439 637 2523 priori
663 2439 785 2504 bellum
810 2446 873 2506 est.
917 2438 1126 2522 Hispanias²
1151 2455 1195 2501 ea

98 2545 305 2625 tempestato
329 2541 380 2606 sio
403 2540 571 2606 habebant
595 2539 742 2606 Rotnani
767 2541 941 2627 Poenique.
985 2539 1195 2626 Hasdrubai,

99 2641 259 2726 Gisgonis
282 2643 385 2720 filins.
407 2645 450 2709 ad
472 2665 632 2714 oceanum
657 2646 792 2730 penitus
814 2644 998 2730 Gadesque
1018 2662 1195 2709 concesso-

98 2754 162 2809 ret.
210 2745 329 2811 Nostri
349 2748 451 2811 meris
469 2760 548 2813 orn·
569 2748 741 2831 omnisque
753 2747 859 2812 ferme
875 2747 1059 2830 Hispania,
1075 2765 1145 2830 qna
1159 2746 1195 2810 in

98 2848 260 2914 orientem
281 2846 395 2933 uergit,
411 2849 579 2934 Scipionis
602 2870 643 2918 nc
664 2850 829 2917 Romam
847 2850 981 2917 ditionis
996 2856 1076 2915 erat.
1120 2848 1196 2915 No·

97 2970 164 3015 vus
180 2951 360 3035 imperator
374 2952 508 3027 Hanno,
523 2954 684 3019 inlocum
703 2953 841 3019 Barcini
856 2952 1082 3018 Hasdrubalis
1102 2970 1194 3018 novo

98 3072 179 3117 cum
201 3054 353 3120 exercitu
375 3075 421 3119 ex
442 3054 559 3121 Africa
581 3062 805 3139 transgressus
823 3055 1031 3138 Magonique
1041 3054 1194 3138 junctus,

98 3175 176 3220 cnm
200 3156 234 3220 in
252 3154 442 3234 Celtiberia,
459 3177 536 3243 quae
557 3158 670 3225 media
688 3156 857 3223 interduo
875 3154 1005 3222 maria*
1021 3163 1084 3233 est,
1099 3156 1194 3223 brevi

97 3276 255 3341 magnum
281 3258 448 3324 bominum
477 3277 644 3323 numerum
672 3266 855 3341 armasset;
889 3258 1006 3344 Scipio
1033 3258 1194 3325 adversus

130 3454 143 3478 ·
161 3444 281 3509 Quaen
291 3448 323 3499 od
334 3463 398 3499 mare
408 3414 611 3501 &adimerem
620 3449 684 3500 aiio.

550 3592 733 3615 mmOO

131 3693 143 3739 i
165 3689 208 3739 ΑΙ.
223 3691 387 3743 inclinaverat.
421 3694 503 3745 iiben.
515 3694 614 3760 Grypb.
630 3703 658 3745 et
674 3695 753 3745 Curio
768 3696 984 3745 indracon-2
999 3692 1068 3746 Edd.
1086 3698 1152 3743 untt.
1169 3698 1193 3744 et

98 3763 244 3819 posuerunt
254 3766 315 3808 unte
324 3759 469 3823 Hispaniae:
486 3762 556 3811 deiet
567 3767 653 3811 autent
664 3760 691 3813 J.
702 3761 732 3811 F.
744 3760 827 3811 Gron.
839 3760 901 3825 quia
911 3760 937 3809 in
948 3760 1019 3810 nullo
1030 3758 1100 3811 Gaii.
1110 3772 1194 3825 noque

590 3921 700 3974 Now

129 4026 143 4053 ⁸
167 4018 200 4067 iu
221 4018 317 4069 iusim
343 4020 514 4084 declinauerat]
541 4019 626 4071 Mett-
667 4020 740 4086 beut,
756 4026 870 4086 quonian
884 4020 1020 4071 inituiiaua
1037 4020 1195 4070 inem

98 4094 182 4159 pboru
192 4102 278 4145 sumta
293 4100 334 4145 eat
351 4095 501 4153 aiaucibus,
518 4110 626 4161 quarum
666 4097 730 4148 beili.

99 4171 184 4220 nitere
197 4171 321 4221 traneiatc
332 4185 365 4220 ex
376 4178 450 4234 parto
458 4171 485 4221 iu
494 4185 550 4221 arn
563 4187 625 4236 pou·
697 4173 710 4210 δ
725 4174 794 4225 later
804 4176 851 4226 duo
860 4172 951 4238 nude]
967 4173 1042 4223 inter
1053 4172 1194 4235 Ibericum,

98 4247 162 4297 dere
175 4246 345 4311 deprimitnr3
361 4248 444 4297 alteru
460 4262 521 4299 vero
540 4250 625 4299 eubic-
665 4250 735 4317 quod
747 4250 945 4312 mediterranei3
962 4258 990 4301 ct
1000 4248 1195 4312 Cantabricum,

99 4331 186 4375 ratur.
213 4324 285 4374 iuter
296 4324 413 4373 meliores
427 4324 531 4376 codices
543 4328 626 4378 variat
666 4328 735 4396 qnod
747 4329 839 4381 oceani
851 4341 919 4396 pert.

100 4400 179 4452 lectio
190 4414 281 4467 parum
291 4401 408 4452 variante
416 4416 493 4455 sensa
504 4418 511 4450 ε
527 4403 571 4455 aiii
582 4404 625 4455 bu·
