3259 5225
406 553 495 620 2378
822 563 825 567 ’
859 567 894 615 u.
918 568 1030 616 arvus,

407 733 484 782 cum
505 715 737 800 paucioribus,
751 713 865 780 uec'bi
883 733 958 781 cum
978 713 1136 800 pluribus
1149 719 1186 779 et
1197 711 1418 778 ualidioribus
1431 729 1503 778 rem

407 813 507 884 esse!
542 816 696 884 consilio
707 817 860 896 dimisso,
870 818 1002 902 signum
1016 835 1138 902 pugnus
1147 815 1357 901 proponitur,
1371 815 1504 882 motos

406 919 535 1004 timque
549 918 585 984 in
600 920 707 986 aciem
721 920 916 1005 procedunt.

361 1083 364 1090 .
449 1021 504 1088 4⁷.
525 1019 605 1087 Jum
631 1020 746 1087 hostes
773 1028 852 1087 unte
872 1027 984 1088 casua
1003 1021 1157 1088 instructi
1179 1021 1325 1086 stabunt
1368 1019 1504 1087 Momm

398 1141 528 1209 pogen
543 1123 666 1204 attubt,
677 1122 767 1208 quod
779 1123 1177 1208 Hasdrubai,provectus
1188 1129 1215 1163 ¹⁰
1237 1129 1314 1189 aute
1321 1121 1504 1205 signacnm

399 1225 527 1311 paucis
552 1226 732 1310 equitibus,
755 1232 852 1290 scuta
873 1231 986 1291 vetere
1005 1225 1154 1291 bostium
1176 1225 1315 1305 notadt,
1330 1243 1409 1310 quas
1428 1233 1505 1292 aute

398 1345 474 1392 «non
489 1327 634 1406 viderat,
643 1332 679 1392 et
693 1327 904 1410 strigosiores
917 1327 1051 1412 equos!
1092 1325 1280 1392 Multitudo
1288 1344 1424 1413 quoque
1431 1347 1505 1394 ms·

399 1417 457 1503 J'or
471 1429 572 1497 solita
586 1433 610 1469 ¹¹
631 1432 705 1495 visa
727 1435 790 1496 est.
833 1429 1036 1514 Suspicatus
1055 1429 1145 1494 enim
1165 1429 1212 1508 id,
1233 1428 1326 1513 quod
1346 1437 1506 1510 eratne-

404 1531 520 1618 captui
535 1552 679 1619 propere
693 1533 830 1610 cecinit,
844 1551 887 1598 ac
904 1531 996 1597 misit
1013 1531 1058 1596 ad
1078 1529 1214 1605 flumen,
1230 1529 1321 1596 nude
1334 1534 1506 1618 equabus·

404 1641 468 1716 tur,
481 1636 539 1701 ubi
553 1645 588 1701 et
603 1636 719 1721 excipi
732 1635 837 1721 aliqui
851 1641 1001 1720 possent,
1012 1640 1047 1700 et
1056 1634 1164 1700 notari
1172 1633 1291 1714 ocutis,
1306 1633 1337 1697 si
1349 1635 1410 1718 qni
1421 1635 1506 1702 forte

405 1737 589 1805 adustioris
605 1739 741 1817 coloris,
755 1743 793 1803 ut
804 1757 849 1803 cx
864 1738 993 1803 receuti
1007 1737 1075 1816 ria,
1088 1744 1224 1818 essent3
1247 1736 1348 1800 simul
1364 1737 1506 1804 circum·

403 1839 482 1905 rebi
497 1841 615 1926 procul
632 1847 742 1906 castra
756 1839 855 1925 jubet
875 1839 1125 1925 specularique,
1142 1857 1221 1904 num
1236 1845 1374 1902 unctum
1389 1839 1506 1925 aliqua

396 1949 503 2025 purte
518 1943 563 2007 sit
575 1940 713 2021 vallum,
727 1950 763 2006 et
776 1946 815 2007 ut
830 1940 1014 2020 scendunt,
1028 1939 1137 2005 semel
1151 1941 1249 2006 bisne
1259 1941 1390 2023 signnm
1405 1949 1506 2009 canat

404 2043 440 2108 iu
456 2045 587 2110 castris.
631 2043 683 2109 Ea
696 2063 774 2108 cum
786 2043 901 2110 ordino
914 2043 1027 2109 omnia
1036 2043 1146 2109 relata
1158 2049 1285 2120 essem,
1293 2051 1408 2110 castra
1420 2045 1507 2110 nibil

395 2151 664 2212 contemtorem
679 2147 858 2213 iaciebant.
901 2143 989 2211 Bina
1001 2150 1106 2222 erant,
1121 2145 1210 2211 sicut
1223 2151 1301 2211 ante
1320 2147 1506 2215 adventurn

405 2248 557 2314 consulis
581 2248 722 2314 alterins
745 2248 887 2326 inerunt,
909 2266 978 2313 una
1001 2246 1050 2311 M.
1072 2246 1173 2323 Livii,
1188 2247 1296 2312 ultera
1310 2247 1351 2314 L
1365 2249 1507 2334 Porcii;

403 2351 528 2416 ncubis
542 2351 736 2437 quicquam,
749 2370 818 2436 quo
829 2351 931 2416 latins
949 2349 1144 2423 tonderetur,
1157 2349 1204 2415 ad
1222 2351 1430 2418 munimenta
1444 2355 1506 2420 ad·

284 2487 290 2498 ·
392 2451 540 2536 jectum·
557 2471 564 2480 ·
585 2453 676 2522 lllnd
690 2461 838 2521 veterem
851 2455 974 2519 ducem
987 2458 1227 2538 assuetumque
1241 2452 1399 2519 Romam
1413 2455 1506 2525 boeti

404 2555 520 2635 morit,
536 2555 629 2643 quod
645 2555 747 2622 semei
763 2556 796 2621 in
812 2554 983 2641 praetoriis
996 2557 1119 2622 castris
1133 2556 1279 2641 siguum,
1296 2556 1351 2622 bis
1370 2558 1408 2623 in
1422 2577 1505 2624 con-

403 2658 571 2725 sularibus
596 2660 782 2725 referebant
808 2659 987 2725 cecinisse.
1044 2659 1144 2725 Duos
1172 2659 1324 2744 proiecto
1349 2662 1505 2727 consules

402 2780 501 2845 esse;
523 2770 600 2842 et,¹¹
623 2780 767 2848 quonam
781 2762 881 2828 modo
893 2761 976 2827 alter
990 2763 1035 2828 ab
1058 2762 1251 2828 Hannibale
1266 2763 1505 2841 abscessisset,
1551 2760 1556 2767 ’

401 2882 483 2933 cure
508 2867 662 2950 angebat.
715 2864 855 2931 Minime
876 2865 923 2944 id,
944 2864 1036 2950 quod
1062 2876 1146 2943 erat,
1167 2864 1336 2949 suspicari
1357 2874 1505 2949 poterat,

401 2972 505 3035 tantm
518 2970 567 3033 rei
582 2968 798 3034 frustratione
817 2968 1042 3033 Hannibalem
1056 2969 1200 3046 elusum,
1214 2972 1263 3048 ut,
1274 2968 1335 3032 ubi
1348 2968 1431 3049 dux,
1442 2970 1505 3035 ubi

400 3070 572 3135 exercitus
586 3079 691 3150 esset,
706 3088 782 3136 cum
793 3088 864 3156 quo
876 3077 988 3136 castra
999 3070 1124 3136 coitate
1133 3070 1307 3145 buberet,¹³
1321 3069 1504 3152 ignoraret.

389 3170 561 3238 ¹Profecto
573 3171 665 3239 baud
680 3172 843 3238 mediocri
858 3171 956 3237 clade
977 3173 1187 3238 absterritum
1202 3172 1335 3257 insequi
1352 3191 1422 3238 non
1441 3192 1504 3240 an·

402 3293 489 3339 sum.
535 3274 744 3360 Magnopero
758 3275 878 3353 vereri,
890 3293 932 3339 ne
942 3273 1083 3360 perditis
1092 3276 1188 3340 rebus
1200 3294 1310 3340 serum
1319 3273 1394 3359 ipse
1404 3278 1504 3342 auxi-

400 3376 483 3442 lium
506 3378 668 3457 venisset,
691 3376 925 3461 Romanisque
950 3376 1068 3443 sedem
1086 3376 1159 3461 jum
1181 3376 1310 3444 sottum
1329 3379 1366 3443 in
1386 3378 1503 3458 Italis,

401 3498 480 3563 quse
504 3478 538 3543 iu
563 3478 746 3563 Hispania,
766 3486 872 3545 esset.
916 3477 1098 3557 Interdum,
1118 3479 1232 3546 literas
1254 3499 1336 3545 suas
1358 3478 1403 3545 nd
1423 3502 1505 3547 enm

400 3600 467 3645 uon
495 3582 698 3667 pervenisse,
722 3580 869 3661 credere,
890 3581 1154 3667 interceptisque
1178 3582 1236 3662 iis,
1258 3583 1435 3649 consulem
1457 3584 1504 3651 ad

400 3702 479 3749 sese
495 3682 749 3769 opprimendum
764 3684 987 3750 accelerasse.
1030 3684 1099 3749 His
1114 3686 1236 3749 auxius
1250 3686 1353 3764 curis,
1368 3687 1503 3753 extinc-

400 3788 444 3852 tis
458 3786 605 3870 ignibus,
627 3786 743 3870 vigilia
757 3786 867 3873 prima
880 3786 960 3853 dato
975 3788 1083 3870 signo,
1098 3794 1136 3853 ut
1150 3788 1246 3853 taciti
1260 3804 1346 3853 vasa
1366 3788 1501 3873 collige-

399 3896 480 3969 rent,
495 3891 590 3973 sigue
602 3889 680 3954 ferri
689 3891 802 3975 Jussit.
838 3890 880 3955 lu
893 3890 1116 3975 trepidatione
1130 3899 1166 3956 et
1177 3897 1340 3958 nocturno
1356 3893 1503 3958 tumultu

431 4121 445 4155 ‘¹
460 4124 949 4199 Equosuaciiestu,stsmrsstrictos.

859 4302 1042 4325 ΟΟΜΜΟ

399 4496 404 4507 ·
433 4468 464 4514 lt
481 4462 552 4515 Olim
566 4428 703 4529 legebatur
720 4464 911 4531 profecta—il
931 4470 1014 4532 Major
1026 4472 1097 4522 solito
1109 4470 1177 4523 aad.
1189 4478 1251 4525 autc
1262 4472 1409 4525 (irum—12
1425 4472 1499 4536 conj.
