3259 5225
464 563 536 613 ura.
561 561 705 611 xxvrrr.
729 563 812 611 ore.
833 544 889 613 29.
1134 548 1221 613 245³

112 706 198 773 Vos
214 708 271 792 qui
287 707 397 784 dolor,
423 726 501 791 quae
517 707 592 773 ira²
616 708 796 773 incitavitl
827 705 1081 791 stipendiumne
1103 706 1221 775 diebus

112 813 242 895 paucis
252 812 453 895 imperatore
467 830 556 893 aegro
566 812 672 875 serius
682 818 895 875 numeratum
907 809 993 874 satis
1004 810 1105 893 digna
1115 831 1221 877 eausa

111 914 193 993 fuit,
209 933 267 979 cnr
282 915 401 999 patriae
416 913 609 979 indiceretis
625 914 771 979 bellnml
795 934 853 979 eur
867 912 912 978 ad
921 912 1084 996 Ilergetes
1093 914 1221 981 descis-

113 1018 242 1082 ceretis
257 1037 279 1083 a
292 1018 421 1103 populo
447 1016 632 1082 Romanor
664 1037 724 1082 cnr
745 1016 827 1081 nihil
852 1014 1037 1082 diuinarum
1058 1016 1221 1083 humana·

113 1138 235 1185 rumve
250 1140 356 1186 rerum
371 1120 569 1186 inviolatum
592 1121 687 1186 vobis
703 1120 818 1186 essetl
852 1118 1032 1184 lusauistis
1052 1118 1221 1204 prolecto,

113 1224 261 1289 milites:
284 1243 344 1287 nec
369 1223 479 1307 major
503 1223 538 1289 io
560 1243 686 1307 corpus
708 1242 819 1287 meum
842 1222 896 1287 ris
917 1222 1033 1301 morbi,
1056 1242 1159 1307 qoam
1183 1223 1220 1289 in

111 1332 245 1391 vestras
262 1334 400 1404 meoteS,
415 1326 550 1391 invasit.
596 1324 721 1391 Horret
742 1326 874 1389 animus
895 1323 1029 1405 referre,
1044 1326 1127 1411 quid
1149 1346 1220 1392 cre·

33 1466 37 1479 ·
113 1414 257 1493 diderint
280 1429 444 1507 homines,
469 1428 551 1513 quid
574 1428 789 1512 speraverint,
805 1427 885 1512 quid
907 1430 1102 1511 optaverint.
1145 1430 1219 1497 An·

113 1528 203 1596 ferat
219 1533 329 1595 omnia
341 1532 433 1596 irrita
445 1532 616 1609 οΜίνίο,Η
633 1532 662 1595 si
678 1536 810 1614 potest:
825 1534 855 1596 si
870 1550 950 1611 uon,
965 1538 1156 1617 utcumque
1172 1534 1219 1598 si·

112 1632 254 1698 lentium
277 1639 378 1716 tegat.
422 1632 503 1697 Non
525 1633 728 1715 negaverim,
744 1633 874 1698 tristem
894 1640 1105 1718 atrocemque
1120 1637 1219 1701 vobis

112 1736 224 1801 visam
241 1738 424 1802 orationem
436 1755 543 1801 meam
555 1742 589 1819 3⁴
610 1742 738 1820 quanto
753 1736 890 1803 creditis
903 1736 992 1801 faeta
1007 1741 1118 1802 vestra
1132 1744 1220 1802 atro·

116 1839 212 1902 ciora
227 1858 314 1918 esse,
330 1859 434 1924 quam
453 1838 545 1903 diota
559 1840 661 1903 meat
684 1846 719 1903 et
733 1858 786 1903 me
809 1858 862 1920 en,
883 1858 960 1924 quae
982 1838 1122 1917 fecistis,
1144 1842 1218 1923 pati

115 1960 253 2025 aeqnum
276 1942 440 2005 censetis:
464 1958 526 2005 vos
547 1962 587 2005 ue
610 1940 678 2006 dici
698 1940 836 2026 quidem
856 1942 971 2005 omnia
986 1960 1087 2024 aequo
1103 1942 1217 2025 auimo

113 2040 292 2107 serretisl⁵
324 2043 394 2108 Sed
416 2062 459 2107 ne
485 2062 529 2107 ea
552 2042 690 2128 quidem
710 2044 789 2127 ipsa
811 2044 900 2109 ultra
920 2043 1216 2127 exprobrabantur.

116 2144 256 2209 Utinam
272 2151 338 2211 tam
358 2145 458 2211 facile
471 2164 534 2211 vos
549 2146 798 2213 obliviscamini
812 2166 938 2230 eorum,
954 2166 1057 2231 quam
1074 2166 1137 2229 ego
1157 2147 1217 2211 ob-
1239 2219 1241 2224 ,

114 2248 263 2312 liviscor.
306 2246 440 2331 Itaque,
456 2247 546 2332 qood
562 2248 605 2313 ad
622 2268 684 2314 ros
708 2250 882 2314 universos
897 2249 1025 2327 attinet,
1042 2248 1073 2313 si
1096 2251 1216 2313 erroris

115 2351 269 2434 poenitcr,
285 2351 371 2415 satis
385 2370 551 2435 superque
566 2372 745 2437 poenarum
759 2352 881 2417 habeo.
924 2351 1049 2417 Albius
1068 2350 1217 2417 Calenus

114 2460 150 2517 et
165 2450 282 2516 Atrius
298 2451 426 2517 Umber
447 2460 480 2519 et
505 2456 606 2519 ceteri
628 2454 763 2520 nefariae
780 2454 951 2519 seditionis
967 2468 1121 2519 auctores
1137 2475 1216 2519 san-

113 2556 215 2639 guiue
230 2555 331 2633 luent,
347 2554 437 2640 quod
454 2556 667 2622 admiserunt.
692 2556 802 2623 Vobis
817 2558 978 2644 supplicii
993 2576 1108 2623 eornm
1120 2577 1216 2644 spec·

112 2659 265 2723 taculum
280 2679 346 2724 nou
362 2659 461 2724 modo
476 2681 543 2724 non
558 2663 726 2739 acerbum,
749 2661 809 2726 sed
830 2663 947 2728 loetum
962 2662 1074 2740 etiam,
1089 2663 1120 2726 si
1133 2683 1217 2729 sana

112 2781 210 2826 mens
225 2761 332 2840 rediit,
346 2761 444 2830 debet
457 2783 543 2828 esse.
587 2765 640 2828 De
664 2764 764 2829 nullis
788 2764 886 2842 enim,
912 2782 1016 2849 quam
1036 2763 1078 2828 de
1103 2766 1214 2843 robis,

111 2864 266 2929 infestius
283 2873 342 2929 aut
356 2863 577 2930 immitios¹⁶‘
591 2863 850 2932 consuluerunt'
879 2865 953 2932 Vix
967 2867 1064 2932 linem
1079 2867 1214 2932 dicendi

111 2965 252 3045 fecerat,
267 2987 342 3032 cum
357 2987 400 3032 ex
416 2971 607 3051 praeparato
621 2967 721 3033 simul
732 2957 881 3033 omnium
892 2987 999 3033 rernm
1015 2975 1120 3034 terror
1135 2988 1215 3034 oco·

111 3071 159 3136 lis
175 3071 377 3154 auribusque
390 3074 443 3134 est
458 3069 599 3136 offusus.
645 3069 838 3150 Exercitus,
854 3072 912 3156 qni
927 3077 1074 3137 coroua⁷
1099 3073 1213 3138 conci·

147 3275 162 3310 1
181 3269 274 3317 Obliuio
285 3269 336 3319 lraec
345 3269 424 3318 omniu
433 3269 460 3318 iu
471 3269 569 3318 irritum
578 3270 680 3318 &duent
689 3274 713 3319 et
722 3267 823 3321 abolent.

147 3339 159 3366 ²
176 3333 304 3394 infestiore
314 3334 393 3384 auimo
403 3335 432 3384 de
441 3333 511 3385 rebec
521 3335 789 3398 camaracenorum,
799 3339 841 3386 oet
849 3333 917 3398 paim
924 3333 989 3384 cebir
998 3334 1172 3386 memmi.

110 3610 217 3660 muge.
228 3595 296 3660 qood
307 3597 387 3660 magis
400 3595 510 3646 orationi
521 3594 602 3647 fauet.
637 3597 696 3648 Neo
709 3602 795 3646 tamen
811 3596 924 3657 volgata,
935 3609 1011 3659 quam
1024 3593 1212 3658 condedimus,

111 3661 193 3711 lectio
206 3663 342 3712 Latinitati
357 3661 506 3726 repugnat!
522 3662 692 3724 licerium—2
708 3662 882 3724 ‘Inspieieuti
892 3662 976 3708 uerior
987 3661 1101 3708 codicem
1115 3661 1211 3708 Putea·

109 3741 207 3790 nasum,
218 3729 292 3776 unice
302 3728 405 3776 ridetur
415 3728 475 3776 inde
487 3729 611 3783 existere.
626 3729 671 3777 Vos
680 3728 722 3792 qni
732 3729 807 3784 dolor,
817 3725 942 3790 ,aalma
951 3726 989 3773 iro
1000 3723 1137 3775 mund?
1152 3724 1212 3775 Jse.

111 3793 245 3846 Grou.—3
263 3794 322 3843 Ver.
331 3793 578 3846 liboldinioista--t
587 3793 815 3842 Meumdal.(lron.
828 3792 932 3854 liorrjat.
946 3791 1072 3839 Creu-5
1085 3795 1092 3818 ⁶
1104 3789 1134 3838 lu
1147 3805 1211 3840 voce

101 3859 208 3918 [erretis
219 3859 291 3907 librr.
303 3859 368 3908 Mes.
380 3859 497 3919 carison
515 3857 629 3907 offerunt
641 3858 707 3906 enim
719 3857 873 3916 nliiseretirr
883 3856 926 3904 ulii
933 3854 1044 3912 suetis,-
1063 3855 1106 3902 alii
1115 3855 1211 3913 sertis!

112 3923 288 3984 Doulou—tl
303 3923 438 3984 ‘infestius
446 3928 488 3972 ent
499 3923 632 3972 immitius:
649 3923 686 3971 lta
701 3922 805 3986 quidam
817 3921 881 3970 Mes.
914 3919 966 3969 Alii
977 3920 1083 3983 iniqnitas
1093 3931 1119 3968 at
1130 3921 1211 3968 inimi·

112 3989 176 4036 cinr.
210 3983 269 4038 tloe¹
288 4003 411 4052 recepere
431 3991 512 4037 Grou.
531 3997 559 4037 et
575 3987 657 4036 Drrlr.
669 3987 714 4035 sed
733 3986 775 4035 ille
788 4000 839 4034 uon
853 3985 983 4048 improbat
994 3985 1119 4040 immitius,
1131 3996 1157 4031 et
1167 3988 1209 4034 tric

113 4053 231 4117 iniquire-
264 4053 294 4102 In
311 4055 372 4103 Put.
392 4061 431 4102 est
450 4053 545 4108 iricius,
564 4062 590 4100 et
609 4052 635 4100 iu
655 4051 723 4100 Flor.
741 4051 848 4107 initium
863 4065 920 4115 qoae
938 4050 1024 4113 potius
1038 4065 1084 4110 nro
1095 4049 1210 4098 imane·

113 4121 215 4182 scriptu
225 4119 392 4184 crediderim,
404 4132 480 4185 quum
497 4131 543 4181 pro
556 4115 678 4166 inimicius
688 4122 734 4165 ant
744 4115 868 4180 leuetur
884 4115 1044 4180 Rupere-l
1061 4116 1161 4166 Carent
1171 4129 1210 4163 cc·

607 4244 719 4297 NOTAE

145 4343 562 4410 ‘Autinnitinr[inimtcinr11ta
580 4357 642 4394 nou·
681 4339 1210 4408 Moretimruitimhaudmaguordren·

111 4423 178 4474 nulli
188 4423 365 4488 antiquorum:
383 4430 412 4472 ar
421 4421 513 4485 Sigon.
525 4420 640 4485 iniquius.
679 4435 735 4503 rum
747 4421 905 4472 discrimine.
