3259 5225
283 535 286 549 ,
365 488 452 557 2482
843 506 878 555 r.
902 506 997 557 mvn

369 661 505 741 captum
520 656 554 723 in
568 655 686 723 Africa
695 663 954 736 commemorem
975 660 1135 740 tenquum
1150 652 1202 721 Μ.
1218 654 1347 721 Atilius
1359 656 1468 741 prime

265 778 268 785 ’
368 778 509 825 accessu
524 761 569 825 ad
579 759 728 827 Africam
741 760 940 827 offenderit.¹
982 757 1107 843 Neque
1121 758 1321 838 recordatur,
1335 759 1387 827 illi
1400 760 1469 845 ipsi

367 864 435 925 tam
448 860 574 928 infelici
589 863 781 948 imperatori
795 863 952 948 petuisse
965 867 1076 927 tumen
1091 866 1206 945 portus
1217 858 1357 940 Africae,
1369 868 1469 927 etres

366 964 521 1048 egregins
536 966 643 1050 primo
665 986 751 1031 auno
766 964 960 1050 geasisac,⁶‘
981 969 1025 1037 et,
1044 969 1204 1047 qnantum
1229 961 1273 1027 ad
1293 962 1469 1049 Carthagi·

366 1064 506 1132 nienses
529 1068 636 1135 duces
657 1068 785 1147 attinet,
805 1066 966 1133 invictum
988 1066 1033 1131 ad
1054 1066 1208 1131 ultimum
1229 1068 1468 1149 permansisse.

366 1167 466 1235 Nihil
490 1170 591 1253 igitur
612 1192 666 1237 me
689 1172 758 1238 iste
781 1178 843 1237 tu⁷
864 1168 1021 1253 exemplo
1039 1169 1211 1234 terrueris:
1234 1168 1264 1232 si
1284 1169 1468 1248 bochello,

365 1291 431 1337 ncu
446 1272 569 1357 priore,
585 1274 617 1341 si
630 1294 746 1361 nuper,
761 1282 796 1340 et
813 1293 884 1340 non
899 1273 997 1339 annis
1013 1277 1090 1337 unte
1104 1272 1376 1357 quinquaginta,⁸
1396 1272 1470 1339 ista

367 1374 485 1441 clades
506 1378 768 1463 acceptatum,
792 1377 852 1462 qui
876 1396 940 1459 ego
961 1375 1075 1442 minus
1091 1374 1125 1443 in
1142 1372 1306 1451 Africam,
1331 1372 1468 1457 Regulo

365 1482 479 1562 capto,
501 1498 618 1562 quam,
643 1478 861 1565 Scipionibus
883 1478 1020 1555 occisis,
1046 1478 1083 1541 in
1106 1476 1309 1559 Hispaniam
1332 1475 1466 1561 trajice-

366 1582 460 1647 remi
505 1581 584 1649 Nec
594 1582 724 1649 felicius
736 1582 999 1667 Xanthippum·
1013 1579 1309 1646 Lacedaemonium
1325 1578 1468 1645 Cartha·

364 1685 445 1769 giui,
460 1704 562 1770 quem
575 1705 629 1751 me
645 1686 762 1771 patriae
776 1704 861 1753 mere
875 1686 1021 1751 sinerem
1034 1690 1151 1749 nutum
1164 1702 1260 1748 esse:
1282 1689 1468 1749 cresceret·

366 1806 432 1872 quc
446 1788 528 1854 mihi
541 1808 586 1854 ex
608 1807 652 1855 eo
674 1789 752 1874 ipso
773 1788 911 1866 fidncia,
925 1786 1019 1872 quod
1035 1787 1146 1870 possit
1156 1786 1192 1850 in
1206 1785 1352 1850 hominis
1366 1784 1467 1850 unius

364 1890 490 1985 virtute
513 1898 642 1957 tantum
666 1892 826 1958 momenti
851 1909 938 1956 ease.
981 1888 1031 1955 At
1048 1888 1150 1954 etiam
1165 1886 1386 1964 Athenienses
1405 1908 1468 1953 uu·

364 1992 477 2060 dieudi
498 2003 589 2073 eunt,
604 2000 724 2059 temere
743 1993 779 2061 in
797 1993 961 2071 Siciliam,
975 1990 1103 2057 emisso
1123 1989 1215 2055 domi
1237 1989 1339 2070 bellu,
1354 1994 1467 2077 traps·

366 2094 483 2177 gressi.
529 2094 597 2161 Gur
609 2116 701 2179 ergo,
716 2096 879 2180 quonium
892 2094 1035 2163 Graecas
1048 2093 1185 2160 subulas
1200 2100 1376 2158 enarrare⁹
1405 2100 1466 2159 ναὶ

364 2204 435 2275 cut,
465 2216 535 2262 non
556 2197 780 2281 Agathoclem
804 2198 930 2281 potina,
961 2196 1212 2281 Syracusanum
1243 2214 1366 2278 regem,
1385 2214 1466 2261 cum

364 2298 423 2365 diu
449 2301 569 2369 Sicilia
595 2300 726 2371 Punice
748 2301 838 2368 bello
860 2302 1020 2379 ureretur,
1047 2308 1290 2383 transgressum
1317 2299 1351 2363 in
1375 2297 1466 2363 hauc

365 2402 506 2469 eandem
520 2402 686 2485 Africam,
709 2404 871 2490 auertisse
891 2424 934 2469 eo
956 2402 1096 2483 bellum,-
1115 2400 1206 2466 unde
1229 2404 1390 2482 venerat:
1411 2421 1465 2467 re·

363 2506 494 2574 teratu

404 2610 462 2676 44.
484 2608 551 2676 Sed
566 2610 659 2697 quid,
674 2610 761 2678 uitro
773 2615 897 2679 metum
911 2607 1031 2675 inferre
1044 2608 1146 2688 hosti,
1164 2614 1201 2675 et
1215 2609 1259 2675 ab
1276 2627 1316 2673 ae
1332 2617 1463 2675 remoto

363 2713 515 2797 periculo
529 2715 633 2784 atium
647 2715 683 2780 in
697 2713 881 2780 discrimen
896 2712 1077 2794 adducere,
1093 2712 1196 2798 quate
1212 2711 1269 2790 ait,
1289 2709 1463 2776 veteribus

361 2817 574 2902 externisque
588 2816 757 2902 exemplis
771 2813 951 2882 admonere
965 2835 1052 2901 opus
1064 2817 1139 2881 estt
1183 2813 1300 2900 Mujus
1313 2832 1463 2899 prmu-

358 3011 867 3143 momenmentum&
882 3028 910 3066 eo
926 3013 1011 3064 stetin
1028 3018 1140 3078 rapere,
1156 3008 1463 3104 quietamq-

821 3205 1002 3230 mfflmn

360 3291 396 3352 τᾷ
406 3306 459 3354 que,
473 3291 555 3342 Gren.
568 3291 677 3356 Dcujet.
689 3291 814 3343 ctera-e
831 3293 899 3342 ‘Vix
911 3300 951 3342 eet
962 3299 993 3343 ut
1007 3308 1022 3342 u
1040 3291 1114 3343 Lirin
1129 3289 1165 3341 rit
1178 3289 1227 3340 hec
1238 3297 1291 3339 ern
1309 3287 1461 3353 abruptum,

359 3357 398 3406 itti
408 3358 512 3421 putuiere
522 3365 546 3407 et
554 3357 665 3419 perstare
700 3357 753 3408 Sed
764 3371 813 3410 uec
825 3358 853 3409 iu
860 3358 928 3408 Edi.
938 3366 980 3408 ert
991 3359 1073 3423 untiq-
1084 3371 1142 3422 ane
1153 3369 1252 3416 emuer,
1262 3355 1295 3402 rb
1306 3353 1462 3405 neumae

360 3421 580 3484 Moguurinomr
597 3428 734 3484 respuetur
750 3422 780 3473 ut
799 3439 827 3472 ee
887 3423 1045 3488 egimprine
1062 3438 1133 3480 eree,
1148 3429 1178 3471 nt
1197 3427 1226 3471 et
1242 3420 1342 3484 rcripu.
1373 3418 1461 3471 Arum

308 3539 310 3546 ,
359 3487 470 3537 mutuvit
480 3489 588 3552 primur,
600 3495 627 3538 ct
638 3489 770 3551 vulgetrrn
781 3489 820 3539 tut
868 3485 943 3540 urit!
958 3489 985 3537 J.
994 3489 1024 3539 F.
1035 3489 1161 3538 Grec-7
1173 3484 1241 3536 Ede.
1251 3492 1313 3534 ante
1323 3483 1405 3535 (iren.
1417 3498 1463 3534 ee·

360 3560 421 3601 rent
430 3554 469 3614 ret
479 3557 564 3604 εει-8
576 3553 744 3616 Quadraginta
749 3554 831 3604 Grec.
839 3555 947 3619 Deujet.
954 3555 1030 3606 crer.
1037 3569 1061 3604 c.
1068 3552 1200 3605 Dran-0
1212 3551 1322 3601 Narrare
1328 3549 1389 3600 eud.
1396 3556 1461 3600 ente

360 3616 509 3682 (trem-10
526 3616 613 3680 Μαι
623 3619 706 3671 Gren.
717 3617 827 3685 Dcnjat·

854 3733 963 3786 Now

392 3837 403 3864 ¹
419 3829 469 3879 Rea
482 3831 592 3893 egregiae
604 3829 682 3894 princ
697 3845 758 3880 aare
773 3829 888 3896 gernere]
962 3839 972 3865 ⁸
988 3827 1167 3896 Xanthippum]
1178 3830 1282 3881 Ducem
1293 3845 1309 3878 ι
1319 3829 1457 3894 Sprrteuis

361 3905 449 3970 Ipsum
469 3905 591 3972 Atilium,
614 3908 658 3959 cui
676 3915 768 3973 pertus
787 3907 886 3959 Afric·
927 3909 1034 3960 mireum
1045 3908 1078 3959 ed
1090 3907 1326 3971 Carthaginienses.
1343 3907 1458 3972 quicjue

359 3991 507 4047 putruerunt.
927 3985 1050 4050 euspicii·
1060 3985 1170 4035 Atilium
1182 3983 1309 4034 vicerunt.

394 4059 444 4108 lter
458 4059 551 4124 genter]
568 4061 611 4109 Sic
630 4059 657 4111 J.
667 4059 698 4112 F.
709 4059 791 4112 Greu.
806 4075 886 4127 prex·
966 4063 1106 4114 termae«
1122 4075 1150 4112 ec
1165 4061 1260 4122 uuum,
1272 4061 1333 4110 nde
1347 4059 1459 4124 meur]

358 4136 409 4186 ime
420 4136 453 4186 ed
464 4139 596 4200 uunquam
604 4138 770 4202 scripturam,
779 4153 838 4189 cnm
849 4139 887 4189 ie·
926 4139 1029 4190 Betium
1041 4145 1181 4194 everteret,
1187 4151 1239 4186 neu
1248 4139 1275 4187 in
1285 4135 1400 4186 Siciliam
1410 4151 1458 4185 ru·

359 4214 506 4278 perstaret
516 4217 648 4276 eegertner
658 4214 814 4266 recentiores
825 4229 887 4266 rere
927 4216 960 4267 de
971 4225 1081 4268 reperet
1098 4215 1267 4280 Agamana,
1284 4213 1331 4263 red
1348 4212 1374 4263 in
1387 4211 1458 4262 Afri·

358 4291 497 4354 heberent,
514 4307 553 4342 rer
571 4293 680 4356 egregiae
694 4308 721 4357 p.
738 4308 762 4343 n.
774 4294 887 4355 genere.
927 4294 1063 4346 cemnnde
1073 4293 1294 4346 bellumreneret.

355 4367 382 4419 J.
395 4369 520 4420 Clericus.
