3259 5225
511 584 585 631 nro.
608 579 705 631 xxv.
727 582 809 632 cnr.
831 566 885 632 24.
1157 567 1244 635 2127

142 726 207 793 sed
230 726 266 791 vi
290 732 419 811 apertu,
434 728 607 810 gerebatur
626 746 692 791 res.
735 725 876 811 Quippe
900 727 944 791 ed
968 722 1158 810 Epipolas,‘¹
1181 726 1244 793 sre-

141 834 306 914 quentem
327 828 492 894 custodiis
504 829 630 905 locum,
644 834 837 914 perventum
852 840 935 908 eret,
951 827 1160 914 terrendique
1174 848 1244 895 me·

139 934 198 1015 gis
215 932 334 997 hostes
357 938 462 1010 erent,
482 951 583 1015 qnam
603 929 757 1009 fallendi3
782 931 873 996 sicut
896 932 1001 997 territi
1021 937 1108 995 sunt.
1151 930 1244 997 Num

139 1034 248 1099 simul
275 1053 317 1099 nc
342 1037 497 1101 tubamm
521 1043 577 1098 est
603 1032 740 1098 auditus
762 1039 891 1113 centos,
914 1033 1108 1117 clamorque
1133 1040 1244 1098 tenen·

139 1136 229 1201 tium
251 1156 369 1202 muros
390 1147 587 1222 partemque
606 1138 716 1217 urbis3
738 1136 850 1201 omniu
869 1138 974 1203 teneri
989 1136 1150 1203 custodes
1166 1136 1243 1215 rati,

140 1238 204 1303 elii
222 1259 283 1323 per
306 1259 436 1304 murum
455 1237 654 1323 segmenti
674 1236 775 1301 salire
792 1237 835 1303 de
855 1258 951 1304 muro
969 1239 1244 1323 praecipitarique

139 1342 245 1405 turba
268 1342 476 1425 paventium.
519 1340 646 1423 Magne
670 1359 752 1423 pers
776 1348 891 1405 tamen
917 1342 1034 1423 ignare
1056 1342 1140 1407 tenti
1162 1340 1244 1405 meli

138 1452 227 1521 erat,
242 1452 279 1509 et
292 1446 436 1527 gravetis
451 1444 605 1509 omnibns
619 1442 698 1508 rino
713 1462 908 1528 somnoque,
922 1451 966 1522 et,
981 1445 1014 1509 in
1029 1450 1135 1511 vastee
1150 1462 1243 1525 nreg-

136 1547 307 1613 mitudinis
321 1549 415 1627 urbe,
430 1548 571 1631 partium
585 1564 688 1611 sensu
703 1565 769 1611 non
782 1548 866 1611 sotis
884 1547 1068 1631 pertinente
1077 1553 1104 1596 ¹⁴
1126 1548 1159 1611 in
1172 1566 1244 1611 om·

138 1654 226 1716 nie.e
269 1652 341 1716 Sub
364 1652 451 1728 luce,
473 1650 664 1733 Hexapylo
687 1646 1243 1728 effracto‚¹1t1aree11us,omnibus

137 1756 253 1838 copiis
275 1756 389 1820 urbem
412 1756 594 1837 ingressus,
616 1752 781 1818 excitavit
803 1752 1030 1836 convertitque
1057 1771 1175 1823 omnes
1198 1753 1242 1819 etl

137 1876 238 1922 erma
264 1856 439 1941 capienda,
466 1873 640 1939 opemque,
663 1854 692 1919 si
714 1875 816 1939 quarn
846 1863 1001 1940 possent,
1024 1854 1097 1938 jem
1127 1862 1242 1937 captus

137 1979 246 2043 prope
273 1959 346 2023 urbi
373 1956 551 2023 serendam.
612 1954 795 2042 Epicydes,
823 1959 867 2022 ab
895 1956 1023 2034 Insula,
1045 1976 1148 2042 qnam
1171 1958 1242 2042 ipsi

138 2061 264 2126 Nason
277 2067 428 2138 vocnnt,¹
439 2062 543 2125 citato
557 2060 732 2144 proiectus
748 2062 892 2145 agmine,
906 2058 995 2125 haud
1010 2059 1143 2139 dubius,
1159 2058 1242 2143 qnin

136 2183 282 2248 pancos,
305 2183 366 2246 per
390 2164 620 2246 negligentium
644 2164 825 2231 custodum
850 2172 1079 2247 transgressos
1099 2181 1241 2241 murum,

136 2266 348 2350 expulsurus
370 2265 470 2341 foret,
485 2268 734 2333 occurrentibus
757 2266 904 2351 peridis,
922 2266 1097 2331 tumultum
1120 2282 1242 2346 augere

136 2388 213 2446 eos,
230 2368 398 2444 dictitans,
414 2374 449 2434 et
470 2369 601 2454 majore
622 2389 665 2435 ec
685 2368 885 2435 terribiliore
907 2386 985 2435 vero
1007 2366 1133 2446 efferre,
1147 2370 1242 2450 post·

136 2490 245 2555 quam
266 2472 448 2555 conspexit
462 2472 576 2536 omnia
591 2471 683 2538 circe
697 2472 865 2557 Epipolas
880 2472 981 2538 ermis
997 2470 1176 2555 complete,
1190 2470 1242 2533 la·

135 2573 267 2641 cessito
288 2579 418 2640 tentum
438 2574 534 2640 busto
556 2575 677 2660 paucis
695 2574 894 2655 missilibus,
910 2581 998 2640 retro
1023 2574 1058 2639 in
1078 2570 1241 2638 Achradi-

134 2697 216 2743 nam
239 2697 360 2762 Qmen
383 2678 561 2757 convertit,
575 2697 643 2742 non
664 2688 734 2742 tem
749 2678 816 2743 vim
831 2677 1147 2768 multitudinemque
1161 2674 1242 2740 hos-

134 2782 221 2846 tium
234 2788 399 2860 metuens,
413 2800 515 2866 quem
529 2799 571 2845 ne
584 2798 653 2866 qne
665 2781 822 2845 intestina
834 2778 929 2845 frans
948 2799 1008 2864 per
1027 2779 1240 2843 occasionem
1349 2860 1352 2871 1

135 2884 289 2983 oriretur,
303 2884 507 2968 clausasque
532 2883 620 2948 inter
640 2882 816 2948 tumultum
836 2880 1037 2948 Acbredinae
1060 2887 1160 2966 etque
1180 2878 1240 2945 In-

594 3079 783 3105 om

131 3199 347 3278 mntem&
357 3197 426 3250 md.
442 3198 618 3263 plorimi—lt
634 3199 713 3251 Velle
731 3200 831 3250 metult
844 3197 1004 3264 pertinsem,
1019 3193 1165 3248 Glsrennm
1180 3211 1235 3261 per·

633 3363 743 3415 Nom

164 3475 292 3542 *Quippe
306 3476 339 3526 ed
356 3475 479 3541 Epipolas]
493 3476 601 3541 Epipolae
621 3490 667 3528 no·
706 3484 756 3535 ert,
768 3479 912 3544 plusquam
922 3481 964 3530 22.
978 3475 1135 3528 milliarium.

131 3567 195 3603 men
211 3562 254 3602 est
268 3552 533 3617 lo'ei,qnlsmsri,et
547 3567 669 3618 corpore,
739 3556 1015 3606 ‘Por-timentum
1027 3556 1089 3605 totio
1106 3553 1239 3618 pertinente

132 3637 164 3678 nt
179 3629 219 3678 ite
236 3627 332 3691 dicem,
351 3627 422 3677 nrbir
442 3628 611 3692 Syrncnronre
627 3645 667 3681 re·
706 3632 732 3682 r'rr
753 3631 844 3696 ennio]
862 3632 928 3683 Cum
950 3631 1020 3681 enim
1043 3631 1129 3694 plnres
1151 3636 1240 3680 meent

130 3706 240 3768 metior,
250 3710 277 3755 et
285 3705 381 3754 ceteris
389 3705 507 3769 pertibus
517 3704 668 3772 loirequen·
708 3708 781 3758 orbis
792 3715 891 3772 portes,
902 3707 981 3758 muris
993 3705 1061 3756 inter
1072 3720 1108 3756 ac
1124 3705 1239 3770 disjunc-

130 3783 198 3844 tior,
223 3797 301 3846 παρη
320 3782 437 3846 syenem
464 3790 494 3833 et
518 3785 668 3849 Neapolim.
707 3789 753 3842 tre,
768 3798 821 3835 son
837 3782 915 3834 focile
934 3781 1021 3834 omnin
1041 3796 1101 3847 qoae
1120 3775 1239 3831 extreme

131 3861 204 3910 Nem
222 3867 329 3909 anctore
347 3859 465 3924 Thucyd.
481 3859 528 3911 lib.
540 3874 579 3912 vr.
596 3860 667 3911 locos
707 3859 794 3924 nilque
804 3867 879 3924 perte
890 3857 999 3920 fiebunt,
1009 3857 1042 3908 nb
1057 3857 1164 3921 reliquis
1181 3870 1240 3919 pur·

129 3937 179 3987 ille
196 3944 345 4001 proruptus
360 3937 417 3987 nrbl
432 3937 596 3994 imminebat,
615 3952 668 3988 non
707 3935 778 3986 tibur
795 3949 870 3985 senon
888 3935 987 4000 percipi
1004 3938 1139 3999 poterent,
1157 3941 1238 3997 etque

129 4013 191 4078 ejus
208 4013 315 4077 proprie
333 4026 394 4077 pm
412 4021 478 4065 ent.
508 4015 538 4064 st
559 4013 667 4079 Epipota
705 4011 739 4063 sd
750 4012 892 4077 longinque
901 4011 1043 4076 pervenire.

129 4091 287 4140 interurbis
303 4099 392 4153 purte·
402 4098 581 4153 numerentur,
592 4090 664 4158 (num
740 4087 889 4153 'Hexapylo
904 4087 1017 4153 effracto]
1033 4087 1125 4154 Portu,
1142 4101 1193 4152 qne
1209 4086 1238 4137 in

129 4176 160 4218 et
168 4167 229 4217 bne
239 4181 313 4216 muro
323 4166 412 4218 cincto
422 4182 437 4216 e
448 4166 596 4233 Dionysio)
608 4169 664 4233 jem
702 4165 817 4230 'l'ycbem
831 4165 962 4229 ingrersus
973 4162 1091 4228 potebat.

128 4242 307 4308 quintuplleer
317 4243 548 4308 ernntdyrecmae.
574 4245 665 4311 quue
735 4243 847 4300 ‘Qum
856 4240 996 4305 ipoiNorou
1005 4239 1101 4304 mount]
1117 4240 1238 4291 commu·

128 4319 165 4368 de
193 4332 273 4367 ceum
298 4317 394 4368 stabo
418 4320 533 4385 quinque
559 4320 664 4372 orbibus
703 4323 730 4372 ul
747 4319 862 4370 dialecto
877 4318 960 4368 insule
978 4317 1073 4368 Graeoe
1087 4318 1166 4382 rinos,
1182 4317 1238 4367 Do·

128 4395 279 4447 comitisse
297 4395 359 4446 olim
377 4409 435 4445 enm
454 4397 547 4447 orbern
563 4396 665 4462 scribit,
704 4399 760 4448 rice
778 4410 839 4447 vero
855 4393 919 4459 (qus
935 4393 1013 4446 Siculi
1025 4392 1180 4460 ntebsntnr)
1196 4394 1238 4443 νᾶ.

130 4477 187 4524 too.
202 4471 345 4524 studiorum
365 4487 442 4524 muro
458 4473 588 4526 sinetur
612 4474 662 4526 boe
701 4473 907 4540 oereppellstor.
