3259 5225
408 519 495 586 2290
875 533 912 582 r.
934 533 1030 584 mvn

408 691 513 758 retur,
536 679 682 747 comitiis
710 699 747 746 se
772 698 899 748 moram
923 700 990 746 nou
1014 679 1149 748 faeere!
1191 679 1348 746 Dictator
1368 695 1515 745 musam

409 783 617 850 comitiorum
639 783 837 850 auotoritate
859 791 1011 860 senatus,
1027 783 1218 867 plebiscito,
1232 782 1401 866 exemplis
1425 787 1517 845 tuta·

408 887 516 952 batur.
561 884 754 970 ‘Namque,
781 885 842 951 Cn.
865 885 1010 952 Servilio
1035 885 1192 962 consule,
1215 904 1294 950 eum
1317 884 1359 949 C.
1383 883 1518 948 Flami·

408 991 521 1054 nius¹²
544 989 627 1054 alter
648 988 766 1054 oonsul
788 988 831 1053 erl
852 987 1087 1054 Trasimenum
1108 987 1302 1064 cecidisset,
1322 1005 1370 1051 ex
1396 989 1517 1050 aueto-

290 1077 294 1084 ’
408 1093 505 1157 ritute
528 1091 667 1158 Petrum
694 1090 736 1156 ud
762 1091 891 1174 plebem
914 1091 1032 1169 latum,
1053 1089 1255 1175 plebemque
1282 1089 1447 1164 seirisse,
1467 1093 1518 1164 nt,

410 1192 520 1276 quood
535 1193 657 1258 bellum
679 1193 714 1258 in
737 1192 842 1258 Ituliu
860 1199 965 1270 esset,
979 1213 1026 1257 ex
1040 1193 1095 1270 iis,
1110 1193 1170 1276 qui
1183 1190 1344 1256 consules
1357 1189 1517 1268 luissent,

410 1311 498 1378 quos
512 1301 546 1361 et
558 1295 692 1379 quoties
707 1294 818 1374 vellet,
833 1294 1003 1360 retioiendi
1019 1295 1173 1360 eonsules
1188 1292 1321 1378 populo
1330 1291 1395 1376 jos
1407 1299 1517 1357 esset:

410 1397 670 1482 exemplumque
692 1417 766 1463 enm
789 1399 825 1464 in
844 1418 914 1462 rem
934 1417 972 1463 se
990 1397 1146 1463 babera¹³
1166 1404 1262 1462 retus
1282 1395 1325 1461 L.
1341 1392 1516 1462 Postumii

411 1495 578 1582 Megelli,d
603 1501 663 1585 qui
687 1500 839 1566 interrex
863 1502 907 1567 iis
938 1501 1096 1581 comitiis,
1119 1520 1198 1585 quar
1220 1501 1298 1585 ipse
1323 1497 1515 1573 habuiffl,

410 1602 627 1668 cononicam
650 1603 688 1669 C.
710 1603 734 1668 J
737 1603 818 1670 uuio
842 1603 999 1669 Bubulco
1025 1609 1159 1669 oreatus
1182 1609 1292 1676 esset3
1321 1619 1447 1666 reeens
1470 1597 1514 1678 Q.

412 1691 522 1782 Fabii,
538 1706 596 1790 qui
609 1706 674 1772 sibi
689 1705 875 1772 contionari
890 1704 1118 1786 consulatum,
1133 1703 1199 1770 uisi
1214 1702 1248 1768 id
1267 1703 1360 1768 bono
1374 1701 1516 1786 publius

410 1803 515 1882 fieret,
530 1807 681 1890 prolecto
695 1827 866 1892 nunquam
880 1805 1039 1872 sivismt'
1050 1811 1077 1855 ¹⁴
1119 1806 1189 1872 His
1203 1805 1419 1871 orationibus
1439 1821 1515 1868 cunr

411 1907 468 1972 diu
488 1917 649 1974 eertutom
669 1917 770 1987 esset,
784 1915 954 1994 postremo
974 1909 1024 1974 ita
1039 1911 1124 1974 inter
1137 1908 1336 1974 dictatorem
1352 1927 1396 1972 uo
1411 1907 1514 1972 tribu·

410 2013 652 2090 nosoonveuit,
666 2017 771 2091 uteo,
787 2011 876 2096 quod
891 2013 1081 2078 censuisset
1093 2019 1242 2089 mustus,
1253 2019 1414 2076 staretur.
1449 2007 1514 2074 Pu·

411 2113 518 2177 tribos
541 2112 576 2178 id
600 2119 733 2200 ternpus
757 2116 804 2180 rei
828 2113 974 2198 publicas
991 2116 1100 2180 risum
1120 2123 1184 2192 est,
1200 2121 1236 2179 ut
1249 2134 1309 2198 per
1328 2117 1462 2178 veteres
1481 2119 1515 2174 et

411 2219 567 2297 expertos
581 2214 730 2300 bellique
744 2217 873 2300 peritos
888 2216 1104 2300 imperatores
1117 2235 1173 2280 res
1187 2216 1328 2300 publica
1337 2219 1514 2297 gereretur.

283 2348 287 2362 =
412 2314 534 2400 Itaque
558 2335 684 2382 rnorem
707 2318 776 2383 fleri
799 2319 944 2384 comitiis
965 2339 1032 2384 oon
1054 2319 1202 2404 plaeere.
1245 2316 1514 2382 eoncedenttous

412 2417 564 2498 tribunis,
591 2420 728 2485 comitia
753 2419 880 2485 babitu.
925 2420 1098 2486 Declarati
1126 2418 1284 2485 consules
1312 2416 1359 2498 Q.
1386 2417 1514 2483 Fabius

413 2517 589 2586 Maximus
613 2525 774 2606 quintum,
798 2519 845 2601 Q.
869 2521 1012 2587 Fulvius
1039 2521 1186 2587 Flaoous
1209 2527 1375 2606 quartum.
1423 2519 1513 2586 Pra-

412 2631 501 2691 tores
523 2626 600 2690 iude
623 2628 769 2701 ureati,¹⁵
794 2626 835 2690 L.
854 2625 1016 2693 Veturius
1039 2626 1153 2705 Philo,
1173 2626 1216 2691 T.
1238 2624 1404 2705 Quintius
1427 2622 1514 2689 Gris-

414 2728 526 2811 pinus,
543 2727 583 2794 G.
600 2728 771 2795 Hostilius
793 2728 961 2807 Tubulus,
977 2728 1017 2794 (3.
1030 2727 1290 2795 Aumnculeius.
1333 2727 1514 2811 Magistru-

413 2828 504 2894 tibus
529 2829 562 2893 io
587 2849 711 2895 aunum
727 2830 861 2905 urentis,
878 2827 922 2909 Q.
939 2829 1082 2895 Fulvius
1096 2831 1264 2896 dictatura
1277 2850 1316 2895 se
1330 2828 1512 2896 abdicarit

413 2928 575 2998 Extremo
590 2933 720 2999 testatis
735 2932 836 3016 hujus
851 2931 974 2997 elassis
987 2930 1119 2997 Punica
1131 2934 1265 2998 navium
1280 2932 1511 3017 quodraginta,

413 3052 490 3099 eom
504 3035 666 3119 praelecto
683 3026 882 3100 Hamilcare
897 3034 930 3097 in
944 3032 1135 3099 Sardiniam
1149 3034 1302 3118 trajecta,
1318 3035 1513 3099 Olbiensem

413 3138 547 3221 primo:
568 3138 657 3218 dein,
671 3146 855 3222 postquam
877 3138 925 3202 ibi
943 3136 984 3201 Ρ.
1001 3136 1149 3202 Manlius
1165 3136 1278 3202 Vulso
1293 3145 1422 3223 prator
1440 3156 1512 3203 cum

414 3226 564 3305 exero'itu
585 3242 755 3326 apperuit,
771 3244 980 3307 circumacta
1000 3240 1080 3305 inde
1100 3240 1145 3305 ad
1165 3239 1305 3305 alterum
1325 3240 1450 3307 insulas
1467 3241 1512 3306 la·

415 3350 482 3419 tus,
498 3340 727 3409 Caralitanum
751 3364 867 3426 ugrum
889 3344 1051 3421 vastavit,
1065 3348 1188 3407 etcum
1204 3341 1322 3425 praede
1336 3347 1447 3408 omnis
1460 3362 1512 3425 ge·

335 3506 338 3515 ,
414 3446 504 3509 neris
517 3446 550 3510 iu
563 3442 711 3510 Africum
724 3445 831 3512 rediit.
865 3446 1068 3511 Sacerdotes
1081 3444 1227 3509 Romani
1239 3464 1282 3510 eo
1293 3464 1382 3510 auno
1394 3444 1512 3510 mortui

415 3546 547 3633 aliquot
564 3546 775 3634 suffectique.
818 3549 858 3617 G.
873 3549 1037 3615 Servilius
1052 3548 1213 3615 Pontifex
1226 3546 1339 3615 fectus
1351 3548 1388 3613 iu
1403 3549 1511 3615 loeuru

872 3728 1055 3751 MWOO

415 3846 445 3893 11
463 3842 613 3903 Vossianus.
629 3845 678 3894 siri
689 3850 722 3896 tr.
735 3844 768 3908 pt
778 3850 802 3894 et
810 3844 842 3896 1.
852 3846 955 3897 Arriani
965 3844 1239 3909 &immutab-l!
1258 3842 1301 3893 ΑΙ.
1310 3860 1364 3895 ιιι
1377 3846 1513 3897 Hm.

414 3912 479 3958 -18
496 3911 569 3961 Vett.
581 3909 650 3961 Eud.
667 3910 818 3975 manuque
829 3926 857 3961 eu
866 3914 893 3960 ta
903 3926 931 3962 rs
941 3926 966 3961 u
981 3911 1141 3963 babere-1⁴
1159 3908 1236 3959 libb.
1248 3917 1316 3961 rett.
1328 3912 1449 3972 rariaut3
1465 3910 1511 3973 atri,

915 4088 1024 4141 NO'l'AE

447 4198 460 4233 ¹
483 4198 515 4251 L.
530 4198 651 4251 Perua
669 4198 782 4264 Megelli]
804 4198 839 4249 Α.
861 4200 895 4251 11.
914 4201 946 4251 c.
985 4200 1051 4249 «iera
1062 4199 1183 4249 lnhtera
1199 4198 1291 4249 turer·
1310 4197 1510 4264 oriumlisstiu

414 4280 473 4327 tun
984 4275 1512 4339 septentrionalireqlemaiuoruuos·

447 4358 459 4386 ·
478 4352 708 4418 ortem-praru]
724 4352 803 4404 Olbia
818 4353 946 4405 baulai·
984 4354 1054 4403 torio
1072 4350 1201 4415 madert
1218 4364 1322 4401 nomeu.
1343 4350 1427 4402 Juxta
1441 4351 1509 4416 appi·

415 4428 540 4493 oppidum
551 4429 610 4495 tuit,
621 4428 695 4493 eujus
703 4427 788 4480 adtrue
798 4436 891 4481 extant
901 4444 944 4481 ru·
984 4430 1047 4481 dun
1057 4431 1102 4481 eui
1112 4442 1208 4481 uouau
1219 4428 1297 4493 vulgo
1307 4442 1325 4479 a
1334 4427 1365 4479 Β.
1374 4428 1454 4480 Iusta
