3259 5225
448 534 522 585 urs.
546 532 693 583 xxvru.
715 533 797 585 oss.
819 516 875 583 21.
1122 516 1211 585 2⁴36

111 680 294 766 praeirent,⁷
314 681 351 745 in
372 699 537 747 summum
553 680 710 749 evadunt.
756 679 840 747 lnde
853 679 1031 747 decumum
1044 700 1125 746 cum
1137 680 1209 747 cla·

20 774 21 811 ³
110 802 207 878 more
222 785 257 848 in
268 784 382 849 urbem
393 783 467 867 jam
483 792 621 868 captam
636 786 679 851 ab
690 783 866 851 Romanis.
908 783 996 848 Tum
1011 803 1088 849 vero
1103 801 1210 867 appa·

110 888 188 965 ruit,
213 888 256 951 ab
281 888 331 951 ira
353 898 389 952 et
408 889 451 952 ab
474 888 555 952 odio
578 889 691 953 urbem
714 894 941 971 oppugnatam
965 905 1052 951 esse.
1096 885 1210 951 Nemo

18 982 19 1021 ³
110 989 270 1073 capiendi
285 992 394 1068 vivos,
414 1010 524 1062 nemo,
538 990 733 1074 patentibus
750 990 792 1054 ad
810 989 1026 1073 direptionem
1040 987 1211 1065 omnibus,

110 1092 237 1175 praedae
252 1112 379 1157 memor
393 1100 458 1157 est.
500 1092 689 1158 Trucidant
710 1094 852 1158 inermes
869 1090 971 1173 juxta
984 1097 1088 1175 atquc
1102 1108 1216 1154 arma·

108 1200 175 1271 tos,
190 1192 345 1261 loemiuas
363 1196 488 1279 pariter
509 1214 551 1261 ac
568 1195 676 1262 viros:
699 1214 805 1280 usque
829 1194 871 1258 ad
891 1192 1065 1259 infantium
1080 1190 1209 1257 caedem

110 1296 164 1362 ira
175 1295 320 1361 crudelis
335 1296 500 1381 pervenit.
546 1297 660 1379 Ignem
676 1296 793 1362 deinde
808 1297 908 1385 tectis
922 1295 1086 1381 injiciunt,
1101 1312 1143 1359 ac
1158 1292 1210 1359 di·

106 1404 218 1476 ruunt,
227 1418 309 1483 ηοω
322 1398 477 1464 incendio
489 1400 622 1465 absumi
635 1406 800 1485 nequeunt
808 1422 817 1462 ε
826 1397 911 1463 adeo
920 1398 1063 1481 vestigia
1071 1415 1210 1482 quoqne

107 1499 203 1565 urbis
218 1502 424 1585 extinguere,
445 1522 487 1568 ac
502 1502 610 1567 delere
629 1498 821 1568 memoriam
835 1501 982 1566 bostium
997 1499 1099 1576 sedis,
1113 1498 1209 1564 cordi

106 1609 171 1669 est.
194 1602 411 1669 Castulonem
426 1604 502 1671 inde
511 1606 629 1691 Scipio
645 1606 830 1671 exercitum
844 1603 955 1670 ducit:
976 1622 1077 1687 quam
1093 1604 1209 1668 urbem

106 1723 176 1769 non
200 1705 350 1791 Hispani
372 1708 476 1774 modo
498 1728 671 1787 convena,
693 1707 752 1773 sed
775 1707 897 1773 Punici
918 1707 1021 1772 etiam
1040 1706 1210 1771 exercitus

108 1807 181 1871 ex⁸
205 1808 373 1893 dissipata
392 1811 524 1895 passim
540 1811 620 1895 luga
639 1810 789 1895 reliquiae
813 1810 1018 1875 tutabantur.
1062 1806 1131 1873 Sed
1150 1806 1210 1872 ad·

106 1915 247 1975 ventum
262 1910 433 1995 Scipionis
447 1918 653 1997 prevenerat
667 1912 759 1977 fama
774 1911 883 1977 cladis
898 1910 1208 1993 Illiturgitanorum,

104 2018 279 2097 terrorque
294 2012 370 2079 inde
387 2034 428 2079 ac
444 2013 636 2098 desperatio
648 2014 860 2094 invaserat;⁹
882 2020 917 2079 et
930 2014 964 2078 iu
975 2012 1209 2077 diversiscau·

106 2113 170 2191 sis,
185 2132 259 2180 curn
274 2115 338 2179 sibi
354 2116 500 2201 quisque
521 2116 710 2182 consultum
727 2117 800 2181 sine
816 2114 949 2181 alterius
963 2120 1116 2199 respectu
1141 2114 1208 2179 vul-

105 2216 168 2294 let,
183 2218 291 2301 primo
305 2220 407 2283 tacita
421 2218 582 2303 suspicio,
598 2218 716 2285 deiude
729 2227 848 2304 aperta
862 2218 1029 2283 discordia
1044 2217 1208 2282 secessio·

104 2338 184 2383 nem
199 2320 287 2383 iuter
301 2315 596 2404 Carthaginienses
611 2319 1006 2407 atqueHispauost'ecit.
1051 2318 1119 2385 His
1131 2318 1211 2385 Ger·
1297 2314 1300 2319 ’

107 2421 267 2487 dnbellus
293 2422 471 2509 propalam
498 2422 678 2489 deditionis
707 2431 838 2490 auctor.
882 2421 1036 2487 Himilco
1066 2420 1209 2486 Punicis

107 2524 331 2591 auxiliaribus
355 2531 515 2609 praeerat;
538 2545 625 2611 quos
645 2526 842 2611 urbemque,
862 2526 949 2592 elam
967 2522 1036 2589 lide
1056 2528 1208 2606 accepta,

110 2626 330 2693 Cerdubellus
344 2627 499 2695 Renum
515 2628 640 2712 prodit.
678 2628 793 2695 Mitior
806 2647 848 2694 ea
858 2628 1003 2695 victoria
1017 2625 1091 2691 luit.
1130 2624 1208 2690 Nec

106 2722 416 2796 tantundemnoxae
431 2731 615 2797 admissum
630 2727 726 2811 erat:l
747 2739 781 2798 et
805 2732 1014 2816 aliquantum
1029 2729 1090 2793 irae
1104 2728 1209 2794 lenie-

106 2839 163 2898 rat
177 2833 361 2898 soluntaria
374 2833 511 2900 deditio.

151 2934 207 2999 21.
230 2935 403 3001 Marcius¹
426 2935 505 3001 inde
519 2935 556 3002 in
567 2937 741 3016 barbaros,
751 2936 781 3001 si
792 2937 852 3021 qni
865 2933 1208 3019 nondumperdomiti

107 3043 213 3118 erunt,
224 3037 351 3124 subjus
363 3038 590 3126 ditionemque
606 3039 803 3124 redigendos
819 3040 969 3105 missus?
993 3038 1111 3122 Scipio
1124 3035 1207 3101 Car·
1258 3066 1261 3077 =

567 3221 749 3244 ”ouum

103 3337 226 3396 sequestra
236 3333 318 3384 Gran.
330 3334 439 3399 DouJat.
452 3334 577 3386 Crem-i
594 3337 627 3388 In
638 3337 698 3390 libr.
711 3343 771 3388 ante
787 3337 871 3390 Gron.
886 3337 989 3402 qaiproe
1004 3349 1030 3385 se
1045 3334 1168 3385 trent-4
1184 3333 1210 3382 Β

104 3400 190 3450 Gron.
202 3399 313 3462 Doujat.
325 3399 452 3450 Crem-0
467 3403 476 3430 ⁸
487 3400 519 3451 lu
531 3401 621 3453 codice
633 3404 782 3468 Sigonisno,
798 3405 920 3452 iussum
937 3415 1025 3451 mss.
1058 3399 1110 3450 Sed
1119 3398 1150 3448 sb
1159 3413 1209 3448 m·

103 3477 151 3513 aes
163 3462 230 3513 baud
242 3463 320 3514 dubie
332 3463 462 3528 adjectum
474 3475 515 3516 est
525 3466 559 3515 ab
570 3481 611 3533 eo,
622 3471 664 3531 qui
676 3469 783 3518 verbum
794 3468 918 3518 invadere
929 3465 1092 3516 intransitive
1107 3473 1135 3514 et
1153 3466 1210 3513 sine

103 3542 362 3594 casuuonnunqusm
373 3531 434 3593 puni
445 3531 584 3594 ignoraret.
617 3535 660 3583 Sic
681 3548 752 3598 supr.
771 3547 798 3583 u.
816 3536 857 3584 11.
881 3530 1014 3583 ‘dulcedo
1032 3526 1143 3592 inrsslt‚’
1163 3529 1209 3580 ubi

104 3595 185 3658 plura
194 3591 315 3658 exempla
325 3595 430 3658 collegit
442 3597 585 3647 Drakenb!
604 3597 721 3662 θυσίης.

143 3663 156 3708 l
174 3657 325 3722 'Lipsiauus
336 3661 419 3709 codex
435 3661 556 3722 deficitur
570 3663 659 3712 Marcii
670 3660 787 3714 nomine?
804 3662 833 3711 J.
843 3661 873 3710 F.
883 3661 960 3712 (ἔφη.
993 3658 1002 3688 ⁸
1014 3659 1110 3708 ledeia
1123 3655 1208 3706 hris-

103 3737 161 3772 ros.
170 3755 179 3772 .
189 3757 195 3772 .
205 3724 345 3785 redigendos
355 3725 443 3786 oratu
452 3726 541 3790 missu,
552 3727 633 3790 Scipio
643 3735 695 3777 eet.
719 3725 834 3780 Quidam
845 3727 909 3776 Μαι.
921 3735 948 3774 et
960 3723 1003 3774 alil
1014 3739 1021 3769 r
1035 3721 1142 3773 Mandu
1151 3722 1208 3771 iads

104 3788 296 3850 ...redigendos
314 3787 362 3852 (sc.
375 3788 435 3854 iit)=
460 3789 539 3855 Scipio
551 3793 723 3854 Carthaginem
732 3827 738 3841 .
748 3823 755 3840 .
764 3826 771 3841 .
780 3790 865 3841 rediit.
898 3789 967 3840 Illud
988 3788 1114 3853 probabat
1134 3787 1209 3850 Lips.

104 3854 157 3903 buu
169 3853 263 3904 Gran!
280 3854 382 3918 liupert.
415 3855 544 3906 ‘Misssse
560 3857 627 3907 banc
643 3870 743 3916 vocem,
753 3856 822 3907 band
833 3855 933 3906 idoneis
950 3852 1096 3904 rationibus
1109 3851 1164 3904 sl.
1175 3851 1208 3901 1³.

105 4127 243 4180 perunum
254 4126 268 4163 e
278 4112 638 4181 scribatur,boeproductunr
677 4115 839 4169 exercitibus
853 4115 996 4180 Scipiones,
1014 4129 1063 4165 nee
1080 4115 1211 4168 liosnsnos

103 4191 216 4254 intelligi
227 4189 316 4252 debet,
327 4200 355 4240 ut
366 4193 399 4240 sit
409 4191 477 4242 idem
489 4207 588 4248 seusus.
679 4192 802 4260 profugos
824 4200 870 4244 sut
889 4189 1060 4258 prodiderant
1077 4196 1123 4241 sut
1141 4193 1209 4242 oeci·

139 4267 223 4316 dNee
249 4269 389 4317 tantundem
414 4283 484 4318 sose
510 4271 638 4320 mmmmm
679 4271 782 4321 derant.

103 4342 171 4407 esst]
186 4343 385 4394 Castulonenses
401 4345 469 4394 enlm
488 4352 588 4397 tantum
605 4347 638 4398 ad
710 4347 848 4398 ‘Mucias
858 4343 949 4396 taleis
959 4342 1017 4411 [sd]
1027 4343 1208 4396 mlum...

105 4421 205 4472 Panos
224 4417 377 4472 deiecerant
398 4427 459 4486 post
478 4435 560 4473 csesos
579 4437 638 4474 curn
678 4424 819 4489 redigendos
827 4422 925 4488 nisus]
941 4421 985 4472 its
1001 4419 1098 4486 legitur
1114 4421 1141 4470 in
1157 4421 1210 4472 lte·
